%YAML 1.1
%TAG !u! tag:unity3d.com,2011:
--- !u!29 &1
OcclusionCullingSettings:
  m_ObjectHideFlags: 0
  serializedVersion: 2
  m_OcclusionBakeSettings:
    smallestOccluder: 5
    smallestHole: 0.25
    backfaceThreshold: 100
  m_SceneGUID: 00000000000000000000000000000000
  m_OcclusionCullingData: {fileID: 0}
--- !u!104 &2
RenderSettings:
  m_ObjectHideFlags: 0
  serializedVersion: 9
  m_Fog: 0
  m_FogColor: {r: 0.5, g: 0.5, b: 0.5, a: 1}
  m_FogMode: 3
  m_FogDensity: 0.01
  m_LinearFogStart: 0
  m_LinearFogEnd: 300
  m_AmbientSkyColor: {r: 0.212, g: 0.227, b: 0.259, a: 1}
  m_AmbientEquatorColor: {r: 0.114, g: 0.125, b: 0.133, a: 1}
  m_AmbientGroundColor: {r: 0.047, g: 0.043, b: 0.035, a: 1}
  m_AmbientIntensity: 1
  m_AmbientMode: 3
  m_SubtractiveShadowColor: {r: 0.42, g: 0.478, b: 0.627, a: 1}
  m_SkyboxMaterial: {fileID: 0}
  m_HaloStrength: 0.5
  m_FlareStrength: 1
  m_FlareFadeSpeed: 3
  m_HaloTexture: {fileID: 0}
  m_SpotCookie: {fileID: 10001, guid: 0000000000000000e000000000000000, type: 0}
  m_DefaultReflectionMode: 0
  m_DefaultReflectionResolution: 128
  m_ReflectionBounces: 1
  m_ReflectionIntensity: 1
  m_CustomReflection: {fileID: 0}
  m_Sun: {fileID: 0}
  m_IndirectSpecularColor: {r: 0, g: 0, b: 0, a: 1}
  m_UseRadianceAmbientProbe: 0
--- !u!157 &3
LightmapSettings:
  m_ObjectHideFlags: 0
  serializedVersion: 11
  m_GIWorkflowMode: 1
  m_GISettings:
    serializedVersion: 2
    m_BounceScale: 1
    m_IndirectOutputScale: 1
    m_AlbedoBoost: 1
    m_EnvironmentLightingMode: 0
    m_EnableBakedLightmaps: 0
    m_EnableRealtimeLightmaps: 0
  m_LightmapEditorSettings:
    serializedVersion: 10
    m_Resolution: 2
    m_BakeResolution: 40
    m_AtlasSize: 1024
    m_AO: 0
    m_AOMaxDistance: 1
    m_CompAOExponent: 1
    m_CompAOExponentDirect: 0
    m_Padding: 2
    m_LightmapParameters: {fileID: 0}
    m_LightmapsBakeMode: 1
    m_TextureCompression: 1
    m_FinalGather: 0
    m_FinalGatherFiltering: 1
    m_FinalGatherRayCount: 256
    m_ReflectionCompression: 2
    m_MixedBakeMode: 2
    m_BakeBackend: 0
    m_PVRSampling: 1
    m_PVRDirectSampleCount: 32
    m_PVRSampleCount: 500
    m_PVRBounces: 2
    m_PVRFilterTypeDirect: 0
    m_PVRFilterTypeIndirect: 0
    m_PVRFilterTypeAO: 0
    m_PVRFilteringMode: 1
    m_PVRCulling: 1
    m_PVRFilteringGaussRadiusDirect: 1
    m_PVRFilteringGaussRadiusIndirect: 5
    m_PVRFilteringGaussRadiusAO: 2
    m_PVRFilteringAtrousPositionSigmaDirect: 0.5
    m_PVRFilteringAtrousPositionSigmaIndirect: 2
    m_PVRFilteringAtrousPositionSigmaAO: 1
    m_ShowResolutionOverlay: 1
  m_LightingDataAsset: {fileID: 0}
  m_UseShadowmask: 1
--- !u!196 &4
NavMeshSettings:
  serializedVersion: 2
  m_ObjectHideFlags: 0
  m_BuildSettings:
    serializedVersion: 2
    agentTypeID: 0
    agentRadius: 0.5
    agentHeight: 2
    agentSlope: 45
    agentClimb: 0.4
    ledgeDropHeight: 0
    maxJumpAcrossDistance: 0
    minRegionArea: 2
    manualCellSize: 0
    cellSize: 0.16666667
    manualTileSize: 0
    tileSize: 256
    accuratePlacement: 0
    debug:
      m_Flags: 0
  m_NavMeshData: {fileID: 0}
--- !u!1001 &95142727
PrefabInstance:
  m_ObjectHideFlags: 0
  serializedVersion: 2
  m_Modification:
    m_TransformParent: {fileID: 1648999211}
    m_Modifications:
    - target: {fileID: 1155783440892325667, guid: 6ff8ecfd4bf771f45baabce1917d5ce6,
        type: 3}
      propertyPath: m_Name
      value: Node (4)
      objectReference: {fileID: 0}
    - target: {fileID: 1155783440892325671, guid: 6ff8ecfd4bf771f45baabce1917d5ce6,
        type: 3}
      propertyPath: m_LocalPosition.x
      value: -6
      objectReference: {fileID: 0}
    - target: {fileID: 1155783440892325671, guid: 6ff8ecfd4bf771f45baabce1917d5ce6,
        type: 3}
      propertyPath: m_LocalPosition.y
      value: 3
      objectReference: {fileID: 0}
    - target: {fileID: 1155783440892325671, guid: 6ff8ecfd4bf771f45baabce1917d5ce6,
        type: 3}
      propertyPath: m_LocalPosition.z
      value: 0
      objectReference: {fileID: 0}
    - target: {fileID: 1155783440892325671, guid: 6ff8ecfd4bf771f45baabce1917d5ce6,
        type: 3}
      propertyPath: m_LocalRotation.x
      value: -0
      objectReference: {fileID: 0}
    - target: {fileID: 1155783440892325671, guid: 6ff8ecfd4bf771f45baabce1917d5ce6,
        type: 3}
      propertyPath: m_LocalRotation.y
      value: -0
      objectReference: {fileID: 0}
    - target: {fileID: 1155783440892325671, guid: 6ff8ecfd4bf771f45baabce1917d5ce6,
        type: 3}
      propertyPath: m_LocalRotation.z
      value: -0
      objectReference: {fileID: 0}
    - target: {fileID: 1155783440892325671, guid: 6ff8ecfd4bf771f45baabce1917d5ce6,
        type: 3}
      propertyPath: m_LocalRotation.w
      value: 1
      objectReference: {fileID: 0}
    - target: {fileID: 1155783440892325671, guid: 6ff8ecfd4bf771f45baabce1917d5ce6,
        type: 3}
      propertyPath: m_RootOrder
      value: 4
      objectReference: {fileID: 0}
    - target: {fileID: 1155783440892325671, guid: 6ff8ecfd4bf771f45baabce1917d5ce6,
        type: 3}
      propertyPath: m_LocalEulerAnglesHint.x
      value: 0
      objectReference: {fileID: 0}
    - target: {fileID: 1155783440892325671, guid: 6ff8ecfd4bf771f45baabce1917d5ce6,
        type: 3}
      propertyPath: m_LocalEulerAnglesHint.y
      value: 0
      objectReference: {fileID: 0}
    - target: {fileID: 1155783440892325671, guid: 6ff8ecfd4bf771f45baabce1917d5ce6,
        type: 3}
      propertyPath: m_LocalEulerAnglesHint.z
      value: 0
      objectReference: {fileID: 0}
    - target: {fileID: 1155783440892325668, guid: 6ff8ecfd4bf771f45baabce1917d5ce6,
        type: 3}
      propertyPath: m_Color.r
      value: 0
      objectReference: {fileID: 0}
    - target: {fileID: 1155783440892325668, guid: 6ff8ecfd4bf771f45baabce1917d5ce6,
        type: 3}
      propertyPath: m_Color.g
      value: 0
      objectReference: {fileID: 0}
    - target: {fileID: 1155783440892325668, guid: 6ff8ecfd4bf771f45baabce1917d5ce6,
        type: 3}
      propertyPath: m_Color.b
      value: 0
      objectReference: {fileID: 0}
    - target: {fileID: 1155783440892325669, guid: 6ff8ecfd4bf771f45baabce1917d5ce6,
        type: 3}
      propertyPath: reverse
      value: 1
      objectReference: {fileID: 0}
    m_RemovedComponents: []
  m_SourcePrefab: {fileID: 100100000, guid: 6ff8ecfd4bf771f45baabce1917d5ce6, type: 3}
--- !u!1001 &108526486
PrefabInstance:
  m_ObjectHideFlags: 0
  serializedVersion: 2
  m_Modification:
    m_TransformParent: {fileID: 0}
    m_Modifications:
    - target: {fileID: 2712032286048616141, guid: 9044891860564c74f9d54120858b36c8,
        type: 3}
      propertyPath: m_Name
      value: Statistics
      objectReference: {fileID: 0}
    - target: {fileID: 2712032286048616179, guid: 9044891860564c74f9d54120858b36c8,
        type: 3}
      propertyPath: m_LocalPosition.x
      value: 524.449
      objectReference: {fileID: 0}
    - target: {fileID: 2712032286048616179, guid: 9044891860564c74f9d54120858b36c8,
        type: 3}
      propertyPath: m_LocalPosition.y
      value: 240.58423
      objectReference: {fileID: 0}
    - target: {fileID: 2712032286048616179, guid: 9044891860564c74f9d54120858b36c8,
        type: 3}
      propertyPath: m_LocalPosition.z
      value: 0.36838192
      objectReference: {fileID: 0}
    - target: {fileID: 2712032286048616179, guid: 9044891860564c74f9d54120858b36c8,
        type: 3}
      propertyPath: m_LocalRotation.x
      value: 0
      objectReference: {fileID: 0}
    - target: {fileID: 2712032286048616179, guid: 9044891860564c74f9d54120858b36c8,
        type: 3}
      propertyPath: m_LocalRotation.y
      value: 0
      objectReference: {fileID: 0}
    - target: {fileID: 2712032286048616179, guid: 9044891860564c74f9d54120858b36c8,
        type: 3}
      propertyPath: m_LocalRotation.z
      value: 0
      objectReference: {fileID: 0}
    - target: {fileID: 2712032286048616179, guid: 9044891860564c74f9d54120858b36c8,
        type: 3}
      propertyPath: m_LocalRotation.w
      value: 1
      objectReference: {fileID: 0}
    - target: {fileID: 2712032286048616179, guid: 9044891860564c74f9d54120858b36c8,
        type: 3}
      propertyPath: m_RootOrder
      value: 11
      objectReference: {fileID: 0}
    - target: {fileID: 2712032286048616179, guid: 9044891860564c74f9d54120858b36c8,
        type: 3}
      propertyPath: m_LocalEulerAnglesHint.x
      value: 0
      objectReference: {fileID: 0}
    - target: {fileID: 2712032286048616179, guid: 9044891860564c74f9d54120858b36c8,
        type: 3}
      propertyPath: m_LocalEulerAnglesHint.y
      value: 0
      objectReference: {fileID: 0}
    - target: {fileID: 2712032286048616179, guid: 9044891860564c74f9d54120858b36c8,
        type: 3}
      propertyPath: m_LocalEulerAnglesHint.z
      value: 0
      objectReference: {fileID: 0}
    m_RemovedComponents: []
  m_SourcePrefab: {fileID: 100100000, guid: 9044891860564c74f9d54120858b36c8, type: 3}
--- !u!1001 &137301919
PrefabInstance:
  m_ObjectHideFlags: 0
  serializedVersion: 2
  m_Modification:
    m_TransformParent: {fileID: 1752525869}
    m_Modifications:
    - target: {fileID: 1731665203547173110, guid: 94fc540c9af8391468f2ee51bc1c1ee2,
        type: 3}
      propertyPath: m_Name
      value: Obstacle (3)
      objectReference: {fileID: 0}
    - target: {fileID: 1731665203547173111, guid: 94fc540c9af8391468f2ee51bc1c1ee2,
        type: 3}
      propertyPath: m_LocalPosition.x
      value: -5
      objectReference: {fileID: 0}
    - target: {fileID: 1731665203547173111, guid: 94fc540c9af8391468f2ee51bc1c1ee2,
        type: 3}
      propertyPath: m_LocalPosition.y
      value: 0.22
      objectReference: {fileID: 0}
    - target: {fileID: 1731665203547173111, guid: 94fc540c9af8391468f2ee51bc1c1ee2,
        type: 3}
      propertyPath: m_LocalPosition.z
      value: 0
      objectReference: {fileID: 0}
    - target: {fileID: 1731665203547173111, guid: 94fc540c9af8391468f2ee51bc1c1ee2,
        type: 3}
      propertyPath: m_LocalRotation.x
      value: 0
      objectReference: {fileID: 0}
    - target: {fileID: 1731665203547173111, guid: 94fc540c9af8391468f2ee51bc1c1ee2,
        type: 3}
      propertyPath: m_LocalRotation.y
      value: 0
      objectReference: {fileID: 0}
    - target: {fileID: 1731665203547173111, guid: 94fc540c9af8391468f2ee51bc1c1ee2,
        type: 3}
      propertyPath: m_LocalRotation.z
      value: 0.7071068
      objectReference: {fileID: 0}
    - target: {fileID: 1731665203547173111, guid: 94fc540c9af8391468f2ee51bc1c1ee2,
        type: 3}
      propertyPath: m_LocalRotation.w
      value: 0.7071068
      objectReference: {fileID: 0}
    - target: {fileID: 1731665203547173111, guid: 94fc540c9af8391468f2ee51bc1c1ee2,
        type: 3}
      propertyPath: m_RootOrder
      value: 1
      objectReference: {fileID: 0}
    - target: {fileID: 1731665203547173111, guid: 94fc540c9af8391468f2ee51bc1c1ee2,
        type: 3}
      propertyPath: m_LocalEulerAnglesHint.x
      value: 0
      objectReference: {fileID: 0}
    - target: {fileID: 1731665203547173111, guid: 94fc540c9af8391468f2ee51bc1c1ee2,
        type: 3}
      propertyPath: m_LocalEulerAnglesHint.y
      value: 0
      objectReference: {fileID: 0}
    - target: {fileID: 1731665203547173111, guid: 94fc540c9af8391468f2ee51bc1c1ee2,
        type: 3}
      propertyPath: m_LocalEulerAnglesHint.z
      value: 90
      objectReference: {fileID: 0}
    - target: {fileID: 1731665203547173111, guid: 94fc540c9af8391468f2ee51bc1c1ee2,
        type: 3}
      propertyPath: m_LocalScale.x
      value: 5.5699997
      objectReference: {fileID: 0}
    - target: {fileID: 1731665203547173111, guid: 94fc540c9af8391468f2ee51bc1c1ee2,
        type: 3}
      propertyPath: m_LocalScale.y
      value: 0.5
      objectReference: {fileID: 0}
    - target: {fileID: 1731665203547173109, guid: 94fc540c9af8391468f2ee51bc1c1ee2,
        type: 3}
      propertyPath: m_Color.r
      value: 0
      objectReference: {fileID: 0}
    - target: {fileID: 1731665203547173109, guid: 94fc540c9af8391468f2ee51bc1c1ee2,
        type: 3}
      propertyPath: m_Color.g
      value: 0
      objectReference: {fileID: 0}
    - target: {fileID: 1731665203547173109, guid: 94fc540c9af8391468f2ee51bc1c1ee2,
        type: 3}
      propertyPath: m_Color.b
      value: 0
      objectReference: {fileID: 0}
    - target: {fileID: 1731665203547173109, guid: 94fc540c9af8391468f2ee51bc1c1ee2,
        type: 3}
      propertyPath: m_SortingLayerID
      value: 0
      objectReference: {fileID: 0}
    - target: {fileID: 1731665203547173109, guid: 94fc540c9af8391468f2ee51bc1c1ee2,
        type: 3}
      propertyPath: m_SortingLayer
      value: 0
      objectReference: {fileID: 0}
    m_RemovedComponents: []
  m_SourcePrefab: {fileID: 100100000, guid: 94fc540c9af8391468f2ee51bc1c1ee2, type: 3}
--- !u!4 &137301920 stripped
Transform:
  m_CorrespondingSourceObject: {fileID: 1731665203547173111, guid: 94fc540c9af8391468f2ee51bc1c1ee2,
    type: 3}
  m_PrefabInstance: {fileID: 137301919}
  m_PrefabAsset: {fileID: 0}
--- !u!1001 &167674898
PrefabInstance:
  m_ObjectHideFlags: 0
  serializedVersion: 2
  m_Modification:
    m_TransformParent: {fileID: 1648999211}
    m_Modifications:
    - target: {fileID: 1155783440892325667, guid: 6ff8ecfd4bf771f45baabce1917d5ce6,
        type: 3}
      propertyPath: m_Name
      value: Node (8)
      objectReference: {fileID: 0}
    - target: {fileID: 1155783440892325671, guid: 6ff8ecfd4bf771f45baabce1917d5ce6,
        type: 3}
      propertyPath: m_LocalPosition.x
      value: -1
      objectReference: {fileID: 0}
    - target: {fileID: 1155783440892325671, guid: 6ff8ecfd4bf771f45baabce1917d5ce6,
        type: 3}
      propertyPath: m_LocalPosition.y
      value: -4.62
      objectReference: {fileID: 0}
    - target: {fileID: 1155783440892325671, guid: 6ff8ecfd4bf771f45baabce1917d5ce6,
        type: 3}
      propertyPath: m_LocalPosition.z
      value: 0
      objectReference: {fileID: 0}
    - target: {fileID: 1155783440892325671, guid: 6ff8ecfd4bf771f45baabce1917d5ce6,
        type: 3}
      propertyPath: m_LocalRotation.x
      value: -0
      objectReference: {fileID: 0}
    - target: {fileID: 1155783440892325671, guid: 6ff8ecfd4bf771f45baabce1917d5ce6,
        type: 3}
      propertyPath: m_LocalRotation.y
      value: -0
      objectReference: {fileID: 0}
    - target: {fileID: 1155783440892325671, guid: 6ff8ecfd4bf771f45baabce1917d5ce6,
        type: 3}
      propertyPath: m_LocalRotation.z
      value: -0
      objectReference: {fileID: 0}
    - target: {fileID: 1155783440892325671, guid: 6ff8ecfd4bf771f45baabce1917d5ce6,
        type: 3}
      propertyPath: m_LocalRotation.w
      value: 1
      objectReference: {fileID: 0}
    - target: {fileID: 1155783440892325671, guid: 6ff8ecfd4bf771f45baabce1917d5ce6,
        type: 3}
      propertyPath: m_RootOrder
      value: 8
      objectReference: {fileID: 0}
    - target: {fileID: 1155783440892325671, guid: 6ff8ecfd4bf771f45baabce1917d5ce6,
        type: 3}
      propertyPath: m_LocalEulerAnglesHint.x
      value: 0
      objectReference: {fileID: 0}
    - target: {fileID: 1155783440892325671, guid: 6ff8ecfd4bf771f45baabce1917d5ce6,
        type: 3}
      propertyPath: m_LocalEulerAnglesHint.y
      value: 0
      objectReference: {fileID: 0}
    - target: {fileID: 1155783440892325671, guid: 6ff8ecfd4bf771f45baabce1917d5ce6,
        type: 3}
      propertyPath: m_LocalEulerAnglesHint.z
      value: 0
      objectReference: {fileID: 0}
    - target: {fileID: 1155783440892325668, guid: 6ff8ecfd4bf771f45baabce1917d5ce6,
        type: 3}
      propertyPath: m_Color.r
      value: 0
      objectReference: {fileID: 0}
    - target: {fileID: 1155783440892325668, guid: 6ff8ecfd4bf771f45baabce1917d5ce6,
        type: 3}
      propertyPath: m_Color.g
      value: 0
      objectReference: {fileID: 0}
    - target: {fileID: 1155783440892325668, guid: 6ff8ecfd4bf771f45baabce1917d5ce6,
        type: 3}
      propertyPath: m_Color.b
      value: 0
      objectReference: {fileID: 0}
    - target: {fileID: 1155783440892325669, guid: 6ff8ecfd4bf771f45baabce1917d5ce6,
        type: 3}
      propertyPath: reverse
      value: 1
      objectReference: {fileID: 0}
    m_RemovedComponents: []
  m_SourcePrefab: {fileID: 100100000, guid: 6ff8ecfd4bf771f45baabce1917d5ce6, type: 3}
--- !u!1001 &423104895
PrefabInstance:
  m_ObjectHideFlags: 0
  serializedVersion: 2
  m_Modification:
    m_TransformParent: {fileID: 1648999211}
    m_Modifications:
    - target: {fileID: 1155783440892325667, guid: 6ff8ecfd4bf771f45baabce1917d5ce6,
        type: 3}
      propertyPath: m_Name
      value: Node (2)
      objectReference: {fileID: 0}
    - target: {fileID: 1155783440892325671, guid: 6ff8ecfd4bf771f45baabce1917d5ce6,
        type: 3}
      propertyPath: m_LocalPosition.x
      value: 3
      objectReference: {fileID: 0}
    - target: {fileID: 1155783440892325671, guid: 6ff8ecfd4bf771f45baabce1917d5ce6,
        type: 3}
      propertyPath: m_LocalPosition.y
      value: 3
      objectReference: {fileID: 0}
    - target: {fileID: 1155783440892325671, guid: 6ff8ecfd4bf771f45baabce1917d5ce6,
        type: 3}
      propertyPath: m_LocalPosition.z
      value: 0
      objectReference: {fileID: 0}
    - target: {fileID: 1155783440892325671, guid: 6ff8ecfd4bf771f45baabce1917d5ce6,
        type: 3}
      propertyPath: m_LocalRotation.x
      value: -0
      objectReference: {fileID: 0}
    - target: {fileID: 1155783440892325671, guid: 6ff8ecfd4bf771f45baabce1917d5ce6,
        type: 3}
      propertyPath: m_LocalRotation.y
      value: -0
      objectReference: {fileID: 0}
    - target: {fileID: 1155783440892325671, guid: 6ff8ecfd4bf771f45baabce1917d5ce6,
        type: 3}
      propertyPath: m_LocalRotation.z
      value: -0
      objectReference: {fileID: 0}
    - target: {fileID: 1155783440892325671, guid: 6ff8ecfd4bf771f45baabce1917d5ce6,
        type: 3}
      propertyPath: m_LocalRotation.w
      value: 1
      objectReference: {fileID: 0}
    - target: {fileID: 1155783440892325671, guid: 6ff8ecfd4bf771f45baabce1917d5ce6,
        type: 3}
      propertyPath: m_RootOrder
      value: 2
      objectReference: {fileID: 0}
    - target: {fileID: 1155783440892325671, guid: 6ff8ecfd4bf771f45baabce1917d5ce6,
        type: 3}
      propertyPath: m_LocalEulerAnglesHint.x
      value: 0
      objectReference: {fileID: 0}
    - target: {fileID: 1155783440892325671, guid: 6ff8ecfd4bf771f45baabce1917d5ce6,
        type: 3}
      propertyPath: m_LocalEulerAnglesHint.y
      value: 0
      objectReference: {fileID: 0}
    - target: {fileID: 1155783440892325671, guid: 6ff8ecfd4bf771f45baabce1917d5ce6,
        type: 3}
      propertyPath: m_LocalEulerAnglesHint.z
      value: 0
      objectReference: {fileID: 0}
    m_RemovedComponents: []
  m_SourcePrefab: {fileID: 100100000, guid: 6ff8ecfd4bf771f45baabce1917d5ce6, type: 3}
--- !u!1001 &478959835
PrefabInstance:
  m_ObjectHideFlags: 0
  serializedVersion: 2
  m_Modification:
    m_TransformParent: {fileID: 1648999211}
    m_Modifications:
    - target: {fileID: 1155783440892325667, guid: 6ff8ecfd4bf771f45baabce1917d5ce6,
        type: 3}
      propertyPath: m_Name
      value: Node (3)
      objectReference: {fileID: 0}
    - target: {fileID: 1155783440892325671, guid: 6ff8ecfd4bf771f45baabce1917d5ce6,
        type: 3}
      propertyPath: m_LocalPosition.x
      value: 1
      objectReference: {fileID: 0}
    - target: {fileID: 1155783440892325671, guid: 6ff8ecfd4bf771f45baabce1917d5ce6,
        type: 3}
      propertyPath: m_LocalPosition.y
      value: -3
      objectReference: {fileID: 0}
    - target: {fileID: 1155783440892325671, guid: 6ff8ecfd4bf771f45baabce1917d5ce6,
        type: 3}
      propertyPath: m_LocalPosition.z
      value: 0
      objectReference: {fileID: 0}
    - target: {fileID: 1155783440892325671, guid: 6ff8ecfd4bf771f45baabce1917d5ce6,
        type: 3}
      propertyPath: m_LocalRotation.x
      value: -0
      objectReference: {fileID: 0}
    - target: {fileID: 1155783440892325671, guid: 6ff8ecfd4bf771f45baabce1917d5ce6,
        type: 3}
      propertyPath: m_LocalRotation.y
      value: -0
      objectReference: {fileID: 0}
    - target: {fileID: 1155783440892325671, guid: 6ff8ecfd4bf771f45baabce1917d5ce6,
        type: 3}
      propertyPath: m_LocalRotation.z
      value: -0
      objectReference: {fileID: 0}
    - target: {fileID: 1155783440892325671, guid: 6ff8ecfd4bf771f45baabce1917d5ce6,
        type: 3}
      propertyPath: m_LocalRotation.w
      value: 1
      objectReference: {fileID: 0}
    - target: {fileID: 1155783440892325671, guid: 6ff8ecfd4bf771f45baabce1917d5ce6,
        type: 3}
      propertyPath: m_RootOrder
      value: 3
      objectReference: {fileID: 0}
    - target: {fileID: 1155783440892325671, guid: 6ff8ecfd4bf771f45baabce1917d5ce6,
        type: 3}
      propertyPath: m_LocalEulerAnglesHint.x
      value: 0
      objectReference: {fileID: 0}
    - target: {fileID: 1155783440892325671, guid: 6ff8ecfd4bf771f45baabce1917d5ce6,
        type: 3}
      propertyPath: m_LocalEulerAnglesHint.y
      value: 0
      objectReference: {fileID: 0}
    - target: {fileID: 1155783440892325671, guid: 6ff8ecfd4bf771f45baabce1917d5ce6,
        type: 3}
      propertyPath: m_LocalEulerAnglesHint.z
      value: 0
      objectReference: {fileID: 0}
    - target: {fileID: 1155783440892325671, guid: 6ff8ecfd4bf771f45baabce1917d5ce6,
        type: 3}
      propertyPath: m_LocalScale.x
      value: 1
      objectReference: {fileID: 0}
    - target: {fileID: 1155783440892325671, guid: 6ff8ecfd4bf771f45baabce1917d5ce6,
        type: 3}
      propertyPath: m_LocalScale.y
      value: 1
      objectReference: {fileID: 0}
    - target: {fileID: 1155783440892325669, guid: 6ff8ecfd4bf771f45baabce1917d5ce6,
        type: 3}
      propertyPath: maxDivisions
      value: 4
      objectReference: {fileID: 0}
    m_RemovedComponents: []
  m_SourcePrefab: {fileID: 100100000, guid: 6ff8ecfd4bf771f45baabce1917d5ce6, type: 3}
--- !u!1001 &491752950
PrefabInstance:
  m_ObjectHideFlags: 0
  serializedVersion: 2
  m_Modification:
    m_TransformParent: {fileID: 1648999211}
    m_Modifications:
    - target: {fileID: 1155783440892325667, guid: 6ff8ecfd4bf771f45baabce1917d5ce6,
        type: 3}
      propertyPath: m_Name
      value: Node (1)
      objectReference: {fileID: 0}
    - target: {fileID: 1155783440892325671, guid: 6ff8ecfd4bf771f45baabce1917d5ce6,
        type: 3}
      propertyPath: m_LocalPosition.x
      value: -1
      objectReference: {fileID: 0}
    - target: {fileID: 1155783440892325671, guid: 6ff8ecfd4bf771f45baabce1917d5ce6,
        type: 3}
      propertyPath: m_LocalPosition.y
      value: -3
      objectReference: {fileID: 0}
    - target: {fileID: 1155783440892325671, guid: 6ff8ecfd4bf771f45baabce1917d5ce6,
        type: 3}
      propertyPath: m_LocalPosition.z
      value: 0
      objectReference: {fileID: 0}
    - target: {fileID: 1155783440892325671, guid: 6ff8ecfd4bf771f45baabce1917d5ce6,
        type: 3}
      propertyPath: m_LocalRotation.x
      value: -0
      objectReference: {fileID: 0}
    - target: {fileID: 1155783440892325671, guid: 6ff8ecfd4bf771f45baabce1917d5ce6,
        type: 3}
      propertyPath: m_LocalRotation.y
      value: -0
      objectReference: {fileID: 0}
    - target: {fileID: 1155783440892325671, guid: 6ff8ecfd4bf771f45baabce1917d5ce6,
        type: 3}
      propertyPath: m_LocalRotation.z
      value: -0
      objectReference: {fileID: 0}
    - target: {fileID: 1155783440892325671, guid: 6ff8ecfd4bf771f45baabce1917d5ce6,
        type: 3}
      propertyPath: m_LocalRotation.w
      value: 1
      objectReference: {fileID: 0}
    - target: {fileID: 1155783440892325671, guid: 6ff8ecfd4bf771f45baabce1917d5ce6,
        type: 3}
      propertyPath: m_RootOrder
      value: 0
      objectReference: {fileID: 0}
    - target: {fileID: 1155783440892325671, guid: 6ff8ecfd4bf771f45baabce1917d5ce6,
        type: 3}
      propertyPath: m_LocalEulerAnglesHint.x
      value: 0
      objectReference: {fileID: 0}
    - target: {fileID: 1155783440892325671, guid: 6ff8ecfd4bf771f45baabce1917d5ce6,
        type: 3}
      propertyPath: m_LocalEulerAnglesHint.y
      value: 0
      objectReference: {fileID: 0}
    - target: {fileID: 1155783440892325671, guid: 6ff8ecfd4bf771f45baabce1917d5ce6,
        type: 3}
      propertyPath: m_LocalEulerAnglesHint.z
      value: 0
      objectReference: {fileID: 0}
    - target: {fileID: 1155783440892325671, guid: 6ff8ecfd4bf771f45baabce1917d5ce6,
        type: 3}
      propertyPath: m_LocalScale.x
      value: 1
      objectReference: {fileID: 0}
    - target: {fileID: 1155783440892325671, guid: 6ff8ecfd4bf771f45baabce1917d5ce6,
        type: 3}
      propertyPath: m_LocalScale.y
      value: 1
      objectReference: {fileID: 0}
    - target: {fileID: 1155783440892325669, guid: 6ff8ecfd4bf771f45baabce1917d5ce6,
        type: 3}
      propertyPath: maxDivisions
      value: 4
      objectReference: {fileID: 0}
    m_RemovedComponents: []
  m_SourcePrefab: {fileID: 100100000, guid: 6ff8ecfd4bf771f45baabce1917d5ce6, type: 3}
--- !u!1001 &492858063
PrefabInstance:
  m_ObjectHideFlags: 0
  serializedVersion: 2
  m_Modification:
    m_TransformParent: {fileID: 1648999211}
    m_Modifications:
    - target: {fileID: 1155783440892325667, guid: 6ff8ecfd4bf771f45baabce1917d5ce6,
        type: 3}
      propertyPath: m_Name
      value: Node (7)
      objectReference: {fileID: 0}
    - target: {fileID: 1155783440892325671, guid: 6ff8ecfd4bf771f45baabce1917d5ce6,
        type: 3}
      propertyPath: m_LocalPosition.x
      value: -5
      objectReference: {fileID: 0}
    - target: {fileID: 1155783440892325671, guid: 6ff8ecfd4bf771f45baabce1917d5ce6,
        type: 3}
      propertyPath: m_LocalPosition.y
      value: -3
      objectReference: {fileID: 0}
    - target: {fileID: 1155783440892325671, guid: 6ff8ecfd4bf771f45baabce1917d5ce6,
        type: 3}
      propertyPath: m_LocalPosition.z
      value: 0
      objectReference: {fileID: 0}
    - target: {fileID: 1155783440892325671, guid: 6ff8ecfd4bf771f45baabce1917d5ce6,
        type: 3}
      propertyPath: m_LocalRotation.x
      value: -0
      objectReference: {fileID: 0}
    - target: {fileID: 1155783440892325671, guid: 6ff8ecfd4bf771f45baabce1917d5ce6,
        type: 3}
      propertyPath: m_LocalRotation.y
      value: -0
      objectReference: {fileID: 0}
    - target: {fileID: 1155783440892325671, guid: 6ff8ecfd4bf771f45baabce1917d5ce6,
        type: 3}
      propertyPath: m_LocalRotation.z
      value: -0
      objectReference: {fileID: 0}
    - target: {fileID: 1155783440892325671, guid: 6ff8ecfd4bf771f45baabce1917d5ce6,
        type: 3}
      propertyPath: m_LocalRotation.w
      value: 1
      objectReference: {fileID: 0}
    - target: {fileID: 1155783440892325671, guid: 6ff8ecfd4bf771f45baabce1917d5ce6,
        type: 3}
      propertyPath: m_RootOrder
      value: 7
      objectReference: {fileID: 0}
    - target: {fileID: 1155783440892325671, guid: 6ff8ecfd4bf771f45baabce1917d5ce6,
        type: 3}
      propertyPath: m_LocalEulerAnglesHint.x
      value: 0
      objectReference: {fileID: 0}
    - target: {fileID: 1155783440892325671, guid: 6ff8ecfd4bf771f45baabce1917d5ce6,
        type: 3}
      propertyPath: m_LocalEulerAnglesHint.y
      value: 0
      objectReference: {fileID: 0}
    - target: {fileID: 1155783440892325671, guid: 6ff8ecfd4bf771f45baabce1917d5ce6,
        type: 3}
      propertyPath: m_LocalEulerAnglesHint.z
      value: 0
      objectReference: {fileID: 0}
    - target: {fileID: 1155783440892325668, guid: 6ff8ecfd4bf771f45baabce1917d5ce6,
        type: 3}
      propertyPath: m_Color.r
      value: 0
      objectReference: {fileID: 0}
    - target: {fileID: 1155783440892325668, guid: 6ff8ecfd4bf771f45baabce1917d5ce6,
        type: 3}
      propertyPath: m_Color.g
      value: 0
      objectReference: {fileID: 0}
    - target: {fileID: 1155783440892325668, guid: 6ff8ecfd4bf771f45baabce1917d5ce6,
        type: 3}
      propertyPath: m_Color.b
      value: 0
      objectReference: {fileID: 0}
    - target: {fileID: 1155783440892325669, guid: 6ff8ecfd4bf771f45baabce1917d5ce6,
        type: 3}
      propertyPath: reverse
      value: 1
      objectReference: {fileID: 0}
    m_RemovedComponents: []
  m_SourcePrefab: {fileID: 100100000, guid: 6ff8ecfd4bf771f45baabce1917d5ce6, type: 3}
--- !u!1 &519420028
GameObject:
  m_ObjectHideFlags: 0
  m_CorrespondingSourceObject: {fileID: 0}
  m_PrefabInstance: {fileID: 0}
  m_PrefabAsset: {fileID: 0}
  serializedVersion: 6
  m_Component:
  - component: {fileID: 519420032}
  - component: {fileID: 519420031}
  - component: {fileID: 519420029}
  m_Layer: 0
  m_Name: Main Camera
  m_TagString: MainCamera
  m_Icon: {fileID: 0}
  m_NavMeshLayer: 0
  m_StaticEditorFlags: 0
  m_IsActive: 1
--- !u!81 &519420029
AudioListener:
  m_ObjectHideFlags: 0
  m_CorrespondingSourceObject: {fileID: 0}
  m_PrefabInstance: {fileID: 0}
  m_PrefabAsset: {fileID: 0}
  m_GameObject: {fileID: 519420028}
  m_Enabled: 1
--- !u!20 &519420031
Camera:
  m_ObjectHideFlags: 0
  m_CorrespondingSourceObject: {fileID: 0}
  m_PrefabInstance: {fileID: 0}
  m_PrefabAsset: {fileID: 0}
  m_GameObject: {fileID: 519420028}
  m_Enabled: 1
  serializedVersion: 2
  m_ClearFlags: 2
  m_BackGroundColor: {r: 0, g: 0, b: 0, a: 0}
  m_projectionMatrixMode: 1
  m_SensorSize: {x: 36, y: 24}
  m_LensShift: {x: 0, y: 0}
  m_GateFitMode: 2
  m_FocalLength: 50
  m_NormalizedViewPortRect:
    serializedVersion: 2
    x: 0
    y: 0
    width: 1
    height: 1
  near clip plane: 0.3
  far clip plane: 1000
  field of view: 60
  orthographic: 1
  orthographic size: 5
  m_Depth: -1
  m_CullingMask:
    serializedVersion: 2
    m_Bits: 4294967295
  m_RenderingPath: -1
  m_TargetTexture: {fileID: 0}
  m_TargetDisplay: 0
  m_TargetEye: 0
  m_HDR: 1
  m_AllowMSAA: 0
  m_AllowDynamicResolution: 0
  m_ForceIntoRT: 0
  m_OcclusionCulling: 0
  m_StereoConvergence: 10
  m_StereoSeparation: 0.022
--- !u!4 &519420032
Transform:
  m_ObjectHideFlags: 0
  m_CorrespondingSourceObject: {fileID: 0}
  m_PrefabInstance: {fileID: 0}
  m_PrefabAsset: {fileID: 0}
  m_GameObject: {fileID: 519420028}
  m_LocalRotation: {x: 0, y: 0, z: 0, w: 1}
  m_LocalPosition: {x: 0, y: 0, z: -10}
  m_LocalScale: {x: 1, y: 1, z: 1}
  m_Children: []
  m_Father: {fileID: 0}
  m_RootOrder: 0
  m_LocalEulerAnglesHint: {x: 0, y: 0, z: 0}
--- !u!1001 &550401483
PrefabInstance:
  m_ObjectHideFlags: 0
  serializedVersion: 2
  m_Modification:
    m_TransformParent: {fileID: 1752525869}
    m_Modifications:
    - target: {fileID: 1731665203547173110, guid: 94fc540c9af8391468f2ee51bc1c1ee2,
        type: 3}
      propertyPath: m_Name
      value: Obstacle (6)
      objectReference: {fileID: 0}
    - target: {fileID: 1731665203547173111, guid: 94fc540c9af8391468f2ee51bc1c1ee2,
        type: 3}
      propertyPath: m_LocalPosition.x
      value: 0
      objectReference: {fileID: 0}
    - target: {fileID: 1731665203547173111, guid: 94fc540c9af8391468f2ee51bc1c1ee2,
        type: 3}
      propertyPath: m_LocalPosition.y
      value: -3.78
      objectReference: {fileID: 0}
    - target: {fileID: 1731665203547173111, guid: 94fc540c9af8391468f2ee51bc1c1ee2,
        type: 3}
      propertyPath: m_LocalPosition.z
      value: 0
      objectReference: {fileID: 0}
    - target: {fileID: 1731665203547173111, guid: 94fc540c9af8391468f2ee51bc1c1ee2,
        type: 3}
      propertyPath: m_LocalRotation.x
      value: 0
      objectReference: {fileID: 0}
    - target: {fileID: 1731665203547173111, guid: 94fc540c9af8391468f2ee51bc1c1ee2,
        type: 3}
      propertyPath: m_LocalRotation.y
      value: 0
      objectReference: {fileID: 0}
    - target: {fileID: 1731665203547173111, guid: 94fc540c9af8391468f2ee51bc1c1ee2,
        type: 3}
      propertyPath: m_LocalRotation.z
      value: 0.7071068
      objectReference: {fileID: 0}
    - target: {fileID: 1731665203547173111, guid: 94fc540c9af8391468f2ee51bc1c1ee2,
        type: 3}
      propertyPath: m_LocalRotation.w
      value: 0.7071068
      objectReference: {fileID: 0}
    - target: {fileID: 1731665203547173111, guid: 94fc540c9af8391468f2ee51bc1c1ee2,
        type: 3}
      propertyPath: m_RootOrder
      value: 4
      objectReference: {fileID: 0}
    - target: {fileID: 1731665203547173111, guid: 94fc540c9af8391468f2ee51bc1c1ee2,
        type: 3}
      propertyPath: m_LocalEulerAnglesHint.x
      value: 0
      objectReference: {fileID: 0}
    - target: {fileID: 1731665203547173111, guid: 94fc540c9af8391468f2ee51bc1c1ee2,
        type: 3}
      propertyPath: m_LocalEulerAnglesHint.y
      value: 0
      objectReference: {fileID: 0}
    - target: {fileID: 1731665203547173111, guid: 94fc540c9af8391468f2ee51bc1c1ee2,
        type: 3}
      propertyPath: m_LocalEulerAnglesHint.z
      value: 90
      objectReference: {fileID: 0}
    - target: {fileID: 1731665203547173111, guid: 94fc540c9af8391468f2ee51bc1c1ee2,
        type: 3}
      propertyPath: m_LocalScale.x
      value: 6
      objectReference: {fileID: 0}
    - target: {fileID: 1731665203547173111, guid: 94fc540c9af8391468f2ee51bc1c1ee2,
        type: 3}
      propertyPath: m_LocalScale.y
      value: 0.5
      objectReference: {fileID: 0}
    - target: {fileID: 1731665203547173109, guid: 94fc540c9af8391468f2ee51bc1c1ee2,
        type: 3}
      propertyPath: m_Color.r
      value: 1
      objectReference: {fileID: 0}
    - target: {fileID: 1731665203547173109, guid: 94fc540c9af8391468f2ee51bc1c1ee2,
        type: 3}
      propertyPath: m_Color.g
      value: 1
      objectReference: {fileID: 0}
    - target: {fileID: 1731665203547173109, guid: 94fc540c9af8391468f2ee51bc1c1ee2,
        type: 3}
      propertyPath: m_Color.b
      value: 1
      objectReference: {fileID: 0}
    - target: {fileID: 1731665203547173109, guid: 94fc540c9af8391468f2ee51bc1c1ee2,
        type: 3}
      propertyPath: m_SortingLayerID
      value: 0
      objectReference: {fileID: 0}
    - target: {fileID: 1731665203547173109, guid: 94fc540c9af8391468f2ee51bc1c1ee2,
        type: 3}
      propertyPath: m_SortingLayer
      value: 0
      objectReference: {fileID: 0}
    m_RemovedComponents: []
  m_SourcePrefab: {fileID: 100100000, guid: 94fc540c9af8391468f2ee51bc1c1ee2, type: 3}
--- !u!4 &550401484 stripped
Transform:
  m_CorrespondingSourceObject: {fileID: 1731665203547173111, guid: 94fc540c9af8391468f2ee51bc1c1ee2,
    type: 3}
  m_PrefabInstance: {fileID: 550401483}
  m_PrefabAsset: {fileID: 0}
--- !u!1001 &1073320676
PrefabInstance:
  m_ObjectHideFlags: 0
  serializedVersion: 2
  m_Modification:
    m_TransformParent: {fileID: 1648999211}
    m_Modifications:
    - target: {fileID: 1155783440892325667, guid: 6ff8ecfd4bf771f45baabce1917d5ce6,
        type: 3}
      propertyPath: m_Name
      value: Node (11)
      objectReference: {fileID: 0}
    - target: {fileID: 1155783440892325671, guid: 6ff8ecfd4bf771f45baabce1917d5ce6,
        type: 3}
      propertyPath: m_LocalPosition.x
      value: 1
      objectReference: {fileID: 0}
    - target: {fileID: 1155783440892325671, guid: 6ff8ecfd4bf771f45baabce1917d5ce6,
        type: 3}
      propertyPath: m_LocalPosition.y
      value: -4.62
      objectReference: {fileID: 0}
    - target: {fileID: 1155783440892325671, guid: 6ff8ecfd4bf771f45baabce1917d5ce6,
        type: 3}
      propertyPath: m_LocalPosition.z
      value: 0
      objectReference: {fileID: 0}
    - target: {fileID: 1155783440892325671, guid: 6ff8ecfd4bf771f45baabce1917d5ce6,
        type: 3}
      propertyPath: m_LocalRotation.x
      value: -0
      objectReference: {fileID: 0}
    - target: {fileID: 1155783440892325671, guid: 6ff8ecfd4bf771f45baabce1917d5ce6,
        type: 3}
      propertyPath: m_LocalRotation.y
      value: -0
      objectReference: {fileID: 0}
    - target: {fileID: 1155783440892325671, guid: 6ff8ecfd4bf771f45baabce1917d5ce6,
        type: 3}
      propertyPath: m_LocalRotation.z
      value: -0
      objectReference: {fileID: 0}
    - target: {fileID: 1155783440892325671, guid: 6ff8ecfd4bf771f45baabce1917d5ce6,
        type: 3}
      propertyPath: m_LocalRotation.w
      value: 1
      objectReference: {fileID: 0}
    - target: {fileID: 1155783440892325671, guid: 6ff8ecfd4bf771f45baabce1917d5ce6,
        type: 3}
      propertyPath: m_RootOrder
      value: 11
      objectReference: {fileID: 0}
    - target: {fileID: 1155783440892325671, guid: 6ff8ecfd4bf771f45baabce1917d5ce6,
        type: 3}
      propertyPath: m_LocalEulerAnglesHint.x
      value: 0
      objectReference: {fileID: 0}
    - target: {fileID: 1155783440892325671, guid: 6ff8ecfd4bf771f45baabce1917d5ce6,
        type: 3}
      propertyPath: m_LocalEulerAnglesHint.y
      value: 0
      objectReference: {fileID: 0}
    - target: {fileID: 1155783440892325671, guid: 6ff8ecfd4bf771f45baabce1917d5ce6,
        type: 3}
      propertyPath: m_LocalEulerAnglesHint.z
      value: 0
      objectReference: {fileID: 0}
    - target: {fileID: 1155783440892325668, guid: 6ff8ecfd4bf771f45baabce1917d5ce6,
        type: 3}
      propertyPath: m_Color.r
      value: 0
      objectReference: {fileID: 0}
    - target: {fileID: 1155783440892325668, guid: 6ff8ecfd4bf771f45baabce1917d5ce6,
        type: 3}
      propertyPath: m_Color.g
      value: 0
      objectReference: {fileID: 0}
    - target: {fileID: 1155783440892325668, guid: 6ff8ecfd4bf771f45baabce1917d5ce6,
        type: 3}
      propertyPath: m_Color.b
      value: 0
      objectReference: {fileID: 0}
    - target: {fileID: 1155783440892325669, guid: 6ff8ecfd4bf771f45baabce1917d5ce6,
        type: 3}
      propertyPath: reverse
      value: 1
      objectReference: {fileID: 0}
    m_RemovedComponents: []
  m_SourcePrefab: {fileID: 100100000, guid: 6ff8ecfd4bf771f45baabce1917d5ce6, type: 3}
--- !u!114 &1073343367 stripped
MonoBehaviour:
  m_CorrespondingSourceObject: {fileID: 5386601186349027363, guid: cc777ac5a267e34469c6eabf82c12cbe,
    type: 3}
  m_PrefabInstance: {fileID: 5386601186783787940}
  m_PrefabAsset: {fileID: 0}
  m_GameObject: {fileID: 0}
  m_Enabled: 1
  m_EditorHideFlags: 0
  m_Script: {fileID: -765806418, guid: f70555f144d8491a825f0804e09c671c, type: 3}
  m_Name: 
  m_EditorClassIdentifier: 
--- !u!1001 &1372939413
PrefabInstance:
  m_ObjectHideFlags: 0
  serializedVersion: 2
  m_Modification:
    m_TransformParent: {fileID: 1648999211}
    m_Modifications:
    - target: {fileID: 1155783440892325667, guid: 6ff8ecfd4bf771f45baabce1917d5ce6,
        type: 3}
      propertyPath: m_Name
      value: Node (6)
      objectReference: {fileID: 0}
    - target: {fileID: 1155783440892325671, guid: 6ff8ecfd4bf771f45baabce1917d5ce6,
        type: 3}
      propertyPath: m_LocalPosition.x
      value: 5
      objectReference: {fileID: 0}
    - target: {fileID: 1155783440892325671, guid: 6ff8ecfd4bf771f45baabce1917d5ce6,
        type: 3}
      propertyPath: m_LocalPosition.y
      value: -3
      objectReference: {fileID: 0}
    - target: {fileID: 1155783440892325671, guid: 6ff8ecfd4bf771f45baabce1917d5ce6,
        type: 3}
      propertyPath: m_LocalPosition.z
      value: 0
      objectReference: {fileID: 0}
    - target: {fileID: 1155783440892325671, guid: 6ff8ecfd4bf771f45baabce1917d5ce6,
        type: 3}
      propertyPath: m_LocalRotation.x
      value: -0
      objectReference: {fileID: 0}
    - target: {fileID: 1155783440892325671, guid: 6ff8ecfd4bf771f45baabce1917d5ce6,
        type: 3}
      propertyPath: m_LocalRotation.y
      value: -0
      objectReference: {fileID: 0}
    - target: {fileID: 1155783440892325671, guid: 6ff8ecfd4bf771f45baabce1917d5ce6,
        type: 3}
      propertyPath: m_LocalRotation.z
      value: -0
      objectReference: {fileID: 0}
    - target: {fileID: 1155783440892325671, guid: 6ff8ecfd4bf771f45baabce1917d5ce6,
        type: 3}
      propertyPath: m_LocalRotation.w
      value: 1
      objectReference: {fileID: 0}
    - target: {fileID: 1155783440892325671, guid: 6ff8ecfd4bf771f45baabce1917d5ce6,
        type: 3}
      propertyPath: m_RootOrder
      value: 6
      objectReference: {fileID: 0}
    - target: {fileID: 1155783440892325671, guid: 6ff8ecfd4bf771f45baabce1917d5ce6,
        type: 3}
      propertyPath: m_LocalEulerAnglesHint.x
      value: 0
      objectReference: {fileID: 0}
    - target: {fileID: 1155783440892325671, guid: 6ff8ecfd4bf771f45baabce1917d5ce6,
        type: 3}
      propertyPath: m_LocalEulerAnglesHint.y
      value: 0
      objectReference: {fileID: 0}
    - target: {fileID: 1155783440892325671, guid: 6ff8ecfd4bf771f45baabce1917d5ce6,
        type: 3}
      propertyPath: m_LocalEulerAnglesHint.z
      value: 0
      objectReference: {fileID: 0}
    - target: {fileID: 1155783440892325668, guid: 6ff8ecfd4bf771f45baabce1917d5ce6,
        type: 3}
      propertyPath: m_Color.r
      value: 0
      objectReference: {fileID: 0}
    - target: {fileID: 1155783440892325668, guid: 6ff8ecfd4bf771f45baabce1917d5ce6,
        type: 3}
      propertyPath: m_Color.g
      value: 0
      objectReference: {fileID: 0}
    - target: {fileID: 1155783440892325668, guid: 6ff8ecfd4bf771f45baabce1917d5ce6,
        type: 3}
      propertyPath: m_Color.b
      value: 0
      objectReference: {fileID: 0}
    - target: {fileID: 1155783440892325669, guid: 6ff8ecfd4bf771f45baabce1917d5ce6,
        type: 3}
      propertyPath: reverse
      value: 1
      objectReference: {fileID: 0}
    m_RemovedComponents: []
  m_SourcePrefab: {fileID: 100100000, guid: 6ff8ecfd4bf771f45baabce1917d5ce6, type: 3}
--- !u!1001 &1397631391
PrefabInstance:
  m_ObjectHideFlags: 0
  serializedVersion: 2
  m_Modification:
    m_TransformParent: {fileID: 1648999211}
    m_Modifications:
    - target: {fileID: 1155783440892325667, guid: 6ff8ecfd4bf771f45baabce1917d5ce6,
        type: 3}
      propertyPath: m_Name
      value: Node
      objectReference: {fileID: 0}
    - target: {fileID: 1155783440892325671, guid: 6ff8ecfd4bf771f45baabce1917d5ce6,
        type: 3}
      propertyPath: m_LocalPosition.x
      value: -3
      objectReference: {fileID: 0}
    - target: {fileID: 1155783440892325671, guid: 6ff8ecfd4bf771f45baabce1917d5ce6,
        type: 3}
      propertyPath: m_LocalPosition.y
      value: 3
      objectReference: {fileID: 0}
    - target: {fileID: 1155783440892325671, guid: 6ff8ecfd4bf771f45baabce1917d5ce6,
        type: 3}
      propertyPath: m_LocalPosition.z
      value: 0
      objectReference: {fileID: 0}
    - target: {fileID: 1155783440892325671, guid: 6ff8ecfd4bf771f45baabce1917d5ce6,
        type: 3}
      propertyPath: m_LocalRotation.x
      value: -0
      objectReference: {fileID: 0}
    - target: {fileID: 1155783440892325671, guid: 6ff8ecfd4bf771f45baabce1917d5ce6,
        type: 3}
      propertyPath: m_LocalRotation.y
      value: -0
      objectReference: {fileID: 0}
    - target: {fileID: 1155783440892325671, guid: 6ff8ecfd4bf771f45baabce1917d5ce6,
        type: 3}
      propertyPath: m_LocalRotation.z
      value: -0
      objectReference: {fileID: 0}
    - target: {fileID: 1155783440892325671, guid: 6ff8ecfd4bf771f45baabce1917d5ce6,
        type: 3}
      propertyPath: m_LocalRotation.w
      value: 1
      objectReference: {fileID: 0}
    - target: {fileID: 1155783440892325671, guid: 6ff8ecfd4bf771f45baabce1917d5ce6,
        type: 3}
      propertyPath: m_RootOrder
      value: 1
      objectReference: {fileID: 0}
    - target: {fileID: 1155783440892325671, guid: 6ff8ecfd4bf771f45baabce1917d5ce6,
        type: 3}
      propertyPath: m_LocalEulerAnglesHint.x
      value: 0
      objectReference: {fileID: 0}
    - target: {fileID: 1155783440892325671, guid: 6ff8ecfd4bf771f45baabce1917d5ce6,
        type: 3}
      propertyPath: m_LocalEulerAnglesHint.y
      value: 0
      objectReference: {fileID: 0}
    - target: {fileID: 1155783440892325671, guid: 6ff8ecfd4bf771f45baabce1917d5ce6,
        type: 3}
      propertyPath: m_LocalEulerAnglesHint.z
      value: 0
      objectReference: {fileID: 0}
    m_RemovedComponents: []
  m_SourcePrefab: {fileID: 100100000, guid: 6ff8ecfd4bf771f45baabce1917d5ce6, type: 3}
--- !u!224 &1483705366 stripped
RectTransform:
  m_CorrespondingSourceObject: {fileID: 1885072829623755854, guid: c2cd9b9a2be805044b7d832a1a5d0c21,
    type: 3}
  m_PrefabInstance: {fileID: 1885072828946540632}
  m_PrefabAsset: {fileID: 0}
--- !u!1001 &1501547455
PrefabInstance:
  m_ObjectHideFlags: 0
  serializedVersion: 2
  m_Modification:
    m_TransformParent: {fileID: 1752525869}
    m_Modifications:
    - target: {fileID: 1731665203547173110, guid: 94fc540c9af8391468f2ee51bc1c1ee2,
        type: 3}
      propertyPath: m_Name
      value: Obstacle (2)
      objectReference: {fileID: 0}
    - target: {fileID: 1731665203547173111, guid: 94fc540c9af8391468f2ee51bc1c1ee2,
        type: 3}
      propertyPath: m_LocalPosition.x
      value: 0
      objectReference: {fileID: 0}
    - target: {fileID: 1731665203547173111, guid: 94fc540c9af8391468f2ee51bc1c1ee2,
        type: 3}
      propertyPath: m_LocalPosition.y
      value: 0
      objectReference: {fileID: 0}
    - target: {fileID: 1731665203547173111, guid: 94fc540c9af8391468f2ee51bc1c1ee2,
        type: 3}
      propertyPath: m_LocalPosition.z
      value: 0
      objectReference: {fileID: 0}
    - target: {fileID: 1731665203547173111, guid: 94fc540c9af8391468f2ee51bc1c1ee2,
        type: 3}
      propertyPath: m_LocalRotation.x
      value: 0
      objectReference: {fileID: 0}
    - target: {fileID: 1731665203547173111, guid: 94fc540c9af8391468f2ee51bc1c1ee2,
        type: 3}
      propertyPath: m_LocalRotation.y
      value: 0
      objectReference: {fileID: 0}
    - target: {fileID: 1731665203547173111, guid: 94fc540c9af8391468f2ee51bc1c1ee2,
        type: 3}
      propertyPath: m_LocalRotation.z
      value: 0
      objectReference: {fileID: 0}
    - target: {fileID: 1731665203547173111, guid: 94fc540c9af8391468f2ee51bc1c1ee2,
        type: 3}
      propertyPath: m_LocalRotation.w
      value: 1
      objectReference: {fileID: 0}
    - target: {fileID: 1731665203547173111, guid: 94fc540c9af8391468f2ee51bc1c1ee2,
        type: 3}
      propertyPath: m_RootOrder
      value: 0
      objectReference: {fileID: 0}
    - target: {fileID: 1731665203547173111, guid: 94fc540c9af8391468f2ee51bc1c1ee2,
        type: 3}
      propertyPath: m_LocalEulerAnglesHint.x
      value: 0
      objectReference: {fileID: 0}
    - target: {fileID: 1731665203547173111, guid: 94fc540c9af8391468f2ee51bc1c1ee2,
        type: 3}
      propertyPath: m_LocalEulerAnglesHint.y
      value: 0
      objectReference: {fileID: 0}
    - target: {fileID: 1731665203547173111, guid: 94fc540c9af8391468f2ee51bc1c1ee2,
        type: 3}
      propertyPath: m_LocalEulerAnglesHint.z
      value: 0
      objectReference: {fileID: 0}
    - target: {fileID: 1731665203547173111, guid: 94fc540c9af8391468f2ee51bc1c1ee2,
        type: 3}
      propertyPath: m_LocalScale.x
      value: 10
      objectReference: {fileID: 0}
    - target: {fileID: 1731665203547173111, guid: 94fc540c9af8391468f2ee51bc1c1ee2,
        type: 3}
      propertyPath: m_LocalScale.y
      value: 0.5
      objectReference: {fileID: 0}
    - target: {fileID: 1731665203547173109, guid: 94fc540c9af8391468f2ee51bc1c1ee2,
        type: 3}
      propertyPath: m_Color.r
      value: 0
      objectReference: {fileID: 0}
    - target: {fileID: 1731665203547173109, guid: 94fc540c9af8391468f2ee51bc1c1ee2,
        type: 3}
      propertyPath: m_Color.g
      value: 0
      objectReference: {fileID: 0}
    - target: {fileID: 1731665203547173109, guid: 94fc540c9af8391468f2ee51bc1c1ee2,
        type: 3}
      propertyPath: m_Color.b
      value: 0
      objectReference: {fileID: 0}
    - target: {fileID: 1731665203547173109, guid: 94fc540c9af8391468f2ee51bc1c1ee2,
        type: 3}
      propertyPath: m_SortingLayerID
      value: 0
      objectReference: {fileID: 0}
    - target: {fileID: 1731665203547173109, guid: 94fc540c9af8391468f2ee51bc1c1ee2,
        type: 3}
      propertyPath: m_SortingLayer
      value: 0
      objectReference: {fileID: 0}
    m_RemovedComponents: []
  m_SourcePrefab: {fileID: 100100000, guid: 94fc540c9af8391468f2ee51bc1c1ee2, type: 3}
--- !u!4 &1501547456 stripped
Transform:
  m_CorrespondingSourceObject: {fileID: 1731665203547173111, guid: 94fc540c9af8391468f2ee51bc1c1ee2,
    type: 3}
  m_PrefabInstance: {fileID: 1501547455}
  m_PrefabAsset: {fileID: 0}
--- !u!4 &1648999211 stripped
Transform:
  m_CorrespondingSourceObject: {fileID: 5895041692096788069, guid: 9da2447adbd3864469b167952b7141fc,
    type: 3}
  m_PrefabInstance: {fileID: 5895041693744516430}
  m_PrefabAsset: {fileID: 0}
--- !u!1001 &1721172070
PrefabInstance:
  m_ObjectHideFlags: 0
  serializedVersion: 2
  m_Modification:
    m_TransformParent: {fileID: 1648999211}
    m_Modifications:
    - target: {fileID: 1155783440892325667, guid: 6ff8ecfd4bf771f45baabce1917d5ce6,
        type: 3}
      propertyPath: m_Name
      value: Node (5)
      objectReference: {fileID: 0}
    - target: {fileID: 1155783440892325671, guid: 6ff8ecfd4bf771f45baabce1917d5ce6,
        type: 3}
      propertyPath: m_LocalPosition.x
      value: 6
      objectReference: {fileID: 0}
    - target: {fileID: 1155783440892325671, guid: 6ff8ecfd4bf771f45baabce1917d5ce6,
        type: 3}
      propertyPath: m_LocalPosition.y
      value: 3
      objectReference: {fileID: 0}
    - target: {fileID: 1155783440892325671, guid: 6ff8ecfd4bf771f45baabce1917d5ce6,
        type: 3}
      propertyPath: m_LocalPosition.z
      value: 0
      objectReference: {fileID: 0}
    - target: {fileID: 1155783440892325671, guid: 6ff8ecfd4bf771f45baabce1917d5ce6,
        type: 3}
      propertyPath: m_LocalRotation.x
      value: -0
      objectReference: {fileID: 0}
    - target: {fileID: 1155783440892325671, guid: 6ff8ecfd4bf771f45baabce1917d5ce6,
        type: 3}
      propertyPath: m_LocalRotation.y
      value: -0
      objectReference: {fileID: 0}
    - target: {fileID: 1155783440892325671, guid: 6ff8ecfd4bf771f45baabce1917d5ce6,
        type: 3}
      propertyPath: m_LocalRotation.z
      value: -0
      objectReference: {fileID: 0}
    - target: {fileID: 1155783440892325671, guid: 6ff8ecfd4bf771f45baabce1917d5ce6,
        type: 3}
      propertyPath: m_LocalRotation.w
      value: 1
      objectReference: {fileID: 0}
    - target: {fileID: 1155783440892325671, guid: 6ff8ecfd4bf771f45baabce1917d5ce6,
        type: 3}
      propertyPath: m_RootOrder
      value: 5
      objectReference: {fileID: 0}
    - target: {fileID: 1155783440892325671, guid: 6ff8ecfd4bf771f45baabce1917d5ce6,
        type: 3}
      propertyPath: m_LocalEulerAnglesHint.x
      value: 0
      objectReference: {fileID: 0}
    - target: {fileID: 1155783440892325671, guid: 6ff8ecfd4bf771f45baabce1917d5ce6,
        type: 3}
      propertyPath: m_LocalEulerAnglesHint.y
      value: 0
      objectReference: {fileID: 0}
    - target: {fileID: 1155783440892325671, guid: 6ff8ecfd4bf771f45baabce1917d5ce6,
        type: 3}
      propertyPath: m_LocalEulerAnglesHint.z
      value: 0
      objectReference: {fileID: 0}
    - target: {fileID: 1155783440892325668, guid: 6ff8ecfd4bf771f45baabce1917d5ce6,
        type: 3}
      propertyPath: m_Color.r
      value: 0
      objectReference: {fileID: 0}
    - target: {fileID: 1155783440892325668, guid: 6ff8ecfd4bf771f45baabce1917d5ce6,
        type: 3}
      propertyPath: m_Color.g
      value: 0
      objectReference: {fileID: 0}
    - target: {fileID: 1155783440892325668, guid: 6ff8ecfd4bf771f45baabce1917d5ce6,
        type: 3}
      propertyPath: m_Color.b
      value: 0
      objectReference: {fileID: 0}
    - target: {fileID: 1155783440892325669, guid: 6ff8ecfd4bf771f45baabce1917d5ce6,
        type: 3}
      propertyPath: reverse
      value: 1
      objectReference: {fileID: 0}
    m_RemovedComponents: []
  m_SourcePrefab: {fileID: 100100000, guid: 6ff8ecfd4bf771f45baabce1917d5ce6, type: 3}
--- !u!1 &1752525868
GameObject:
  m_ObjectHideFlags: 0
  m_CorrespondingSourceObject: {fileID: 0}
  m_PrefabInstance: {fileID: 0}
  m_PrefabAsset: {fileID: 0}
  serializedVersion: 6
  m_Component:
  - component: {fileID: 1752525869}
  m_Layer: 0
  m_Name: Obstacles
  m_TagString: Untagged
  m_Icon: {fileID: 0}
  m_NavMeshLayer: 0
  m_StaticEditorFlags: 0
  m_IsActive: 1
--- !u!4 &1752525869
Transform:
  m_ObjectHideFlags: 0
  m_CorrespondingSourceObject: {fileID: 0}
  m_PrefabInstance: {fileID: 0}
  m_PrefabAsset: {fileID: 0}
  m_GameObject: {fileID: 1752525868}
  m_LocalRotation: {x: 0, y: 0, z: 0, w: 1}
  m_LocalPosition: {x: 0, y: 0, z: 0}
  m_LocalScale: {x: 1, y: 1, z: 1}
  m_Children:
  - {fileID: 1501547456}
  - {fileID: 137301920}
  - {fileID: 2001458934}
  - {fileID: 1974295402}
  - {fileID: 550401484}
  m_Father: {fileID: 0}
  m_RootOrder: 5
  m_LocalEulerAnglesHint: {x: 0, y: 0, z: 0}
--- !u!1001 &1773964480
PrefabInstance:
  m_ObjectHideFlags: 0
  serializedVersion: 2
  m_Modification:
    m_TransformParent: {fileID: 1648999211}
    m_Modifications:
    - target: {fileID: 1155783440892325667, guid: 6ff8ecfd4bf771f45baabce1917d5ce6,
        type: 3}
      propertyPath: m_Name
      value: Node (9)
      objectReference: {fileID: 0}
    - target: {fileID: 1155783440892325671, guid: 6ff8ecfd4bf771f45baabce1917d5ce6,
        type: 3}
      propertyPath: m_LocalPosition.x
      value: -3
      objectReference: {fileID: 0}
    - target: {fileID: 1155783440892325671, guid: 6ff8ecfd4bf771f45baabce1917d5ce6,
        type: 3}
      propertyPath: m_LocalPosition.y
      value: -1.54
      objectReference: {fileID: 0}
    - target: {fileID: 1155783440892325671, guid: 6ff8ecfd4bf771f45baabce1917d5ce6,
        type: 3}
      propertyPath: m_LocalPosition.z
      value: 0
      objectReference: {fileID: 0}
    - target: {fileID: 1155783440892325671, guid: 6ff8ecfd4bf771f45baabce1917d5ce6,
        type: 3}
      propertyPath: m_LocalRotation.x
      value: -0
      objectReference: {fileID: 0}
    - target: {fileID: 1155783440892325671, guid: 6ff8ecfd4bf771f45baabce1917d5ce6,
        type: 3}
      propertyPath: m_LocalRotation.y
      value: -0
      objectReference: {fileID: 0}
    - target: {fileID: 1155783440892325671, guid: 6ff8ecfd4bf771f45baabce1917d5ce6,
        type: 3}
      propertyPath: m_LocalRotation.z
      value: -0
      objectReference: {fileID: 0}
    - target: {fileID: 1155783440892325671, guid: 6ff8ecfd4bf771f45baabce1917d5ce6,
        type: 3}
      propertyPath: m_LocalRotation.w
      value: 1
      objectReference: {fileID: 0}
    - target: {fileID: 1155783440892325671, guid: 6ff8ecfd4bf771f45baabce1917d5ce6,
        type: 3}
      propertyPath: m_RootOrder
      value: 9
      objectReference: {fileID: 0}
    - target: {fileID: 1155783440892325671, guid: 6ff8ecfd4bf771f45baabce1917d5ce6,
        type: 3}
      propertyPath: m_LocalEulerAnglesHint.x
      value: 0
      objectReference: {fileID: 0}
    - target: {fileID: 1155783440892325671, guid: 6ff8ecfd4bf771f45baabce1917d5ce6,
        type: 3}
      propertyPath: m_LocalEulerAnglesHint.y
      value: 0
      objectReference: {fileID: 0}
    - target: {fileID: 1155783440892325671, guid: 6ff8ecfd4bf771f45baabce1917d5ce6,
        type: 3}
      propertyPath: m_LocalEulerAnglesHint.z
      value: 0
      objectReference: {fileID: 0}
    - target: {fileID: 1155783440892325668, guid: 6ff8ecfd4bf771f45baabce1917d5ce6,
        type: 3}
      propertyPath: m_Color.r
      value: 0
      objectReference: {fileID: 0}
    - target: {fileID: 1155783440892325668, guid: 6ff8ecfd4bf771f45baabce1917d5ce6,
        type: 3}
      propertyPath: m_Color.g
      value: 0
      objectReference: {fileID: 0}
    - target: {fileID: 1155783440892325668, guid: 6ff8ecfd4bf771f45baabce1917d5ce6,
        type: 3}
      propertyPath: m_Color.b
      value: 0
      objectReference: {fileID: 0}
    - target: {fileID: 1155783440892325669, guid: 6ff8ecfd4bf771f45baabce1917d5ce6,
        type: 3}
      propertyPath: reverse
      value: 1
      objectReference: {fileID: 0}
    m_RemovedComponents: []
  m_SourcePrefab: {fileID: 100100000, guid: 6ff8ecfd4bf771f45baabce1917d5ce6, type: 3}
--- !u!1001 &1837110176
PrefabInstance:
  m_ObjectHideFlags: 0
  serializedVersion: 2
  m_Modification:
    m_TransformParent: {fileID: 0}
    m_Modifications:
    - target: {fileID: 1000010289772750, guid: 7390c897091da344f9e8cd44bca04117, type: 3}
      propertyPath: m_Name
      value: Save System Setup
      objectReference: {fileID: 0}
    - target: {fileID: 4000012888280372, guid: 7390c897091da344f9e8cd44bca04117, type: 3}
      propertyPath: m_LocalPosition.x
      value: 0
      objectReference: {fileID: 0}
    - target: {fileID: 4000012888280372, guid: 7390c897091da344f9e8cd44bca04117, type: 3}
      propertyPath: m_LocalPosition.y
      value: 0
      objectReference: {fileID: 0}
    - target: {fileID: 4000012888280372, guid: 7390c897091da344f9e8cd44bca04117, type: 3}
      propertyPath: m_LocalPosition.z
      value: 0
      objectReference: {fileID: 0}
    - target: {fileID: 4000012888280372, guid: 7390c897091da344f9e8cd44bca04117, type: 3}
      propertyPath: m_LocalRotation.x
      value: 0
      objectReference: {fileID: 0}
    - target: {fileID: 4000012888280372, guid: 7390c897091da344f9e8cd44bca04117, type: 3}
      propertyPath: m_LocalRotation.y
      value: 0
      objectReference: {fileID: 0}
    - target: {fileID: 4000012888280372, guid: 7390c897091da344f9e8cd44bca04117, type: 3}
      propertyPath: m_LocalRotation.z
      value: 0
      objectReference: {fileID: 0}
    - target: {fileID: 4000012888280372, guid: 7390c897091da344f9e8cd44bca04117, type: 3}
      propertyPath: m_LocalRotation.w
      value: 1
      objectReference: {fileID: 0}
    - target: {fileID: 4000012888280372, guid: 7390c897091da344f9e8cd44bca04117, type: 3}
      propertyPath: m_RootOrder
      value: 10
      objectReference: {fileID: 0}
    - target: {fileID: 4000012888280372, guid: 7390c897091da344f9e8cd44bca04117, type: 3}
      propertyPath: m_LocalEulerAnglesHint.x
      value: 0
      objectReference: {fileID: 0}
    - target: {fileID: 4000012888280372, guid: 7390c897091da344f9e8cd44bca04117, type: 3}
      propertyPath: m_LocalEulerAnglesHint.y
      value: 0
      objectReference: {fileID: 0}
    - target: {fileID: 4000012888280372, guid: 7390c897091da344f9e8cd44bca04117, type: 3}
      propertyPath: m_LocalEulerAnglesHint.z
      value: 0
      objectReference: {fileID: 0}
    m_RemovedComponents: []
  m_SourcePrefab: {fileID: 100100000, guid: 7390c897091da344f9e8cd44bca04117, type: 3}
--- !u!1001 &1974295401
PrefabInstance:
  m_ObjectHideFlags: 0
  serializedVersion: 2
  m_Modification:
    m_TransformParent: {fileID: 1752525869}
    m_Modifications:
    - target: {fileID: 1731665203547173110, guid: 94fc540c9af8391468f2ee51bc1c1ee2,
        type: 3}
      propertyPath: m_Name
      value: Obstacle (5)
      objectReference: {fileID: 0}
    - target: {fileID: 1731665203547173111, guid: 94fc540c9af8391468f2ee51bc1c1ee2,
        type: 3}
      propertyPath: m_LocalPosition.x
      value: -0
      objectReference: {fileID: 0}
    - target: {fileID: 1731665203547173111, guid: 94fc540c9af8391468f2ee51bc1c1ee2,
        type: 3}
      propertyPath: m_LocalPosition.y
      value: 3.22
      objectReference: {fileID: 0}
    - target: {fileID: 1731665203547173111, guid: 94fc540c9af8391468f2ee51bc1c1ee2,
        type: 3}
      propertyPath: m_LocalPosition.z
      value: 0
      objectReference: {fileID: 0}
    - target: {fileID: 1731665203547173111, guid: 94fc540c9af8391468f2ee51bc1c1ee2,
        type: 3}
      propertyPath: m_LocalRotation.x
      value: 0
      objectReference: {fileID: 0}
    - target: {fileID: 1731665203547173111, guid: 94fc540c9af8391468f2ee51bc1c1ee2,
        type: 3}
      propertyPath: m_LocalRotation.y
      value: 0
      objectReference: {fileID: 0}
    - target: {fileID: 1731665203547173111, guid: 94fc540c9af8391468f2ee51bc1c1ee2,
        type: 3}
      propertyPath: m_LocalRotation.z
      value: 0.7071068
      objectReference: {fileID: 0}
    - target: {fileID: 1731665203547173111, guid: 94fc540c9af8391468f2ee51bc1c1ee2,
        type: 3}
      propertyPath: m_LocalRotation.w
      value: 0.7071068
      objectReference: {fileID: 0}
    - target: {fileID: 1731665203547173111, guid: 94fc540c9af8391468f2ee51bc1c1ee2,
        type: 3}
      propertyPath: m_RootOrder
      value: 3
      objectReference: {fileID: 0}
    - target: {fileID: 1731665203547173111, guid: 94fc540c9af8391468f2ee51bc1c1ee2,
        type: 3}
      propertyPath: m_LocalEulerAnglesHint.x
      value: 0
      objectReference: {fileID: 0}
    - target: {fileID: 1731665203547173111, guid: 94fc540c9af8391468f2ee51bc1c1ee2,
        type: 3}
      propertyPath: m_LocalEulerAnglesHint.y
      value: 0
      objectReference: {fileID: 0}
    - target: {fileID: 1731665203547173111, guid: 94fc540c9af8391468f2ee51bc1c1ee2,
        type: 3}
      propertyPath: m_LocalEulerAnglesHint.z
      value: 90
      objectReference: {fileID: 0}
    - target: {fileID: 1731665203547173111, guid: 94fc540c9af8391468f2ee51bc1c1ee2,
        type: 3}
      propertyPath: m_LocalScale.x
      value: 6
      objectReference: {fileID: 0}
    - target: {fileID: 1731665203547173111, guid: 94fc540c9af8391468f2ee51bc1c1ee2,
        type: 3}
      propertyPath: m_LocalScale.y
      value: 0.5
      objectReference: {fileID: 0}
    - target: {fileID: 1731665203547173109, guid: 94fc540c9af8391468f2ee51bc1c1ee2,
        type: 3}
      propertyPath: m_Color.r
      value: 0
      objectReference: {fileID: 0}
    - target: {fileID: 1731665203547173109, guid: 94fc540c9af8391468f2ee51bc1c1ee2,
        type: 3}
      propertyPath: m_Color.g
      value: 0
      objectReference: {fileID: 0}
    - target: {fileID: 1731665203547173109, guid: 94fc540c9af8391468f2ee51bc1c1ee2,
        type: 3}
      propertyPath: m_Color.b
      value: 0
      objectReference: {fileID: 0}
    - target: {fileID: 1731665203547173109, guid: 94fc540c9af8391468f2ee51bc1c1ee2,
        type: 3}
      propertyPath: m_SortingLayerID
      value: 0
      objectReference: {fileID: 0}
    - target: {fileID: 1731665203547173109, guid: 94fc540c9af8391468f2ee51bc1c1ee2,
        type: 3}
      propertyPath: m_SortingLayer
      value: 0
      objectReference: {fileID: 0}
    m_RemovedComponents: []
  m_SourcePrefab: {fileID: 100100000, guid: 94fc540c9af8391468f2ee51bc1c1ee2, type: 3}
--- !u!4 &1974295402 stripped
Transform:
  m_CorrespondingSourceObject: {fileID: 1731665203547173111, guid: 94fc540c9af8391468f2ee51bc1c1ee2,
    type: 3}
  m_PrefabInstance: {fileID: 1974295401}
  m_PrefabAsset: {fileID: 0}
--- !u!1 &1975477450
GameObject:
  m_ObjectHideFlags: 0
  m_CorrespondingSourceObject: {fileID: 0}
  m_PrefabInstance: {fileID: 0}
  m_PrefabAsset: {fileID: 0}
  serializedVersion: 6
  m_Component:
  - component: {fileID: 1975477453}
  - component: {fileID: 1975477452}
  - component: {fileID: 1975477451}
  m_Layer: 0
  m_Name: EventSystem
  m_TagString: Untagged
  m_Icon: {fileID: 0}
  m_NavMeshLayer: 0
  m_StaticEditorFlags: 0
  m_IsActive: 1
--- !u!114 &1975477451
MonoBehaviour:
  m_ObjectHideFlags: 0
  m_CorrespondingSourceObject: {fileID: 0}
  m_PrefabInstance: {fileID: 0}
  m_PrefabAsset: {fileID: 0}
  m_GameObject: {fileID: 1975477450}
  m_Enabled: 1
  m_EditorHideFlags: 0
  m_Script: {fileID: 1077351063, guid: f70555f144d8491a825f0804e09c671c, type: 3}
  m_Name: 
  m_EditorClassIdentifier: 
  m_HorizontalAxis: Horizontal
  m_VerticalAxis: Vertical
  m_SubmitButton: Submit
  m_CancelButton: Cancel
  m_InputActionsPerSecond: 10
  m_RepeatDelay: 0.5
  m_ForceModuleActive: 0
--- !u!114 &1975477452
MonoBehaviour:
  m_ObjectHideFlags: 0
  m_CorrespondingSourceObject: {fileID: 0}
  m_PrefabInstance: {fileID: 0}
  m_PrefabAsset: {fileID: 0}
  m_GameObject: {fileID: 1975477450}
  m_Enabled: 1
  m_EditorHideFlags: 0
  m_Script: {fileID: -619905303, guid: f70555f144d8491a825f0804e09c671c, type: 3}
  m_Name: 
  m_EditorClassIdentifier: 
  m_FirstSelected: {fileID: 0}
  m_sendNavigationEvents: 1
  m_DragThreshold: 10
--- !u!4 &1975477453
Transform:
  m_ObjectHideFlags: 0
  m_CorrespondingSourceObject: {fileID: 0}
  m_PrefabInstance: {fileID: 0}
  m_PrefabAsset: {fileID: 0}
  m_GameObject: {fileID: 1975477450}
  m_LocalRotation: {x: 0, y: 0, z: 0, w: 1}
  m_LocalPosition: {x: 0, y: 0, z: 0}
  m_LocalScale: {x: 1, y: 1, z: 1}
  m_Children: []
  m_Father: {fileID: 0}
  m_RootOrder: 8
  m_LocalEulerAnglesHint: {x: 0, y: 0, z: 0}
--- !u!1001 &2001458933
PrefabInstance:
  m_ObjectHideFlags: 0
  serializedVersion: 2
  m_Modification:
    m_TransformParent: {fileID: 1752525869}
    m_Modifications:
    - target: {fileID: 1731665203547173110, guid: 94fc540c9af8391468f2ee51bc1c1ee2,
        type: 3}
      propertyPath: m_Name
      value: Obstacle (4)
      objectReference: {fileID: 0}
    - target: {fileID: 1731665203547173111, guid: 94fc540c9af8391468f2ee51bc1c1ee2,
        type: 3}
      propertyPath: m_LocalPosition.x
      value: 5
      objectReference: {fileID: 0}
    - target: {fileID: 1731665203547173111, guid: 94fc540c9af8391468f2ee51bc1c1ee2,
        type: 3}
      propertyPath: m_LocalPosition.y
      value: 0.22
      objectReference: {fileID: 0}
    - target: {fileID: 1731665203547173111, guid: 94fc540c9af8391468f2ee51bc1c1ee2,
        type: 3}
      propertyPath: m_LocalPosition.z
      value: 0
      objectReference: {fileID: 0}
    - target: {fileID: 1731665203547173111, guid: 94fc540c9af8391468f2ee51bc1c1ee2,
        type: 3}
      propertyPath: m_LocalRotation.x
      value: 0
      objectReference: {fileID: 0}
    - target: {fileID: 1731665203547173111, guid: 94fc540c9af8391468f2ee51bc1c1ee2,
        type: 3}
      propertyPath: m_LocalRotation.y
      value: 0
      objectReference: {fileID: 0}
    - target: {fileID: 1731665203547173111, guid: 94fc540c9af8391468f2ee51bc1c1ee2,
        type: 3}
      propertyPath: m_LocalRotation.z
      value: 0.7071068
      objectReference: {fileID: 0}
    - target: {fileID: 1731665203547173111, guid: 94fc540c9af8391468f2ee51bc1c1ee2,
        type: 3}
      propertyPath: m_LocalRotation.w
      value: 0.7071068
      objectReference: {fileID: 0}
    - target: {fileID: 1731665203547173111, guid: 94fc540c9af8391468f2ee51bc1c1ee2,
        type: 3}
      propertyPath: m_RootOrder
      value: 2
      objectReference: {fileID: 0}
    - target: {fileID: 1731665203547173111, guid: 94fc540c9af8391468f2ee51bc1c1ee2,
        type: 3}
      propertyPath: m_LocalEulerAnglesHint.x
      value: 0
      objectReference: {fileID: 0}
    - target: {fileID: 1731665203547173111, guid: 94fc540c9af8391468f2ee51bc1c1ee2,
        type: 3}
      propertyPath: m_LocalEulerAnglesHint.y
      value: 0
      objectReference: {fileID: 0}
    - target: {fileID: 1731665203547173111, guid: 94fc540c9af8391468f2ee51bc1c1ee2,
        type: 3}
      propertyPath: m_LocalEulerAnglesHint.z
      value: 90
      objectReference: {fileID: 0}
    - target: {fileID: 1731665203547173111, guid: 94fc540c9af8391468f2ee51bc1c1ee2,
        type: 3}
      propertyPath: m_LocalScale.x
      value: 5.5699997
      objectReference: {fileID: 0}
    - target: {fileID: 1731665203547173111, guid: 94fc540c9af8391468f2ee51bc1c1ee2,
        type: 3}
      propertyPath: m_LocalScale.y
      value: 0.5
      objectReference: {fileID: 0}
    - target: {fileID: 1731665203547173109, guid: 94fc540c9af8391468f2ee51bc1c1ee2,
        type: 3}
      propertyPath: m_Color.r
      value: 0
      objectReference: {fileID: 0}
    - target: {fileID: 1731665203547173109, guid: 94fc540c9af8391468f2ee51bc1c1ee2,
        type: 3}
      propertyPath: m_Color.g
      value: 0
      objectReference: {fileID: 0}
    - target: {fileID: 1731665203547173109, guid: 94fc540c9af8391468f2ee51bc1c1ee2,
        type: 3}
      propertyPath: m_Color.b
      value: 0
      objectReference: {fileID: 0}
    - target: {fileID: 1731665203547173109, guid: 94fc540c9af8391468f2ee51bc1c1ee2,
        type: 3}
      propertyPath: m_SortingLayerID
      value: 0
      objectReference: {fileID: 0}
    - target: {fileID: 1731665203547173109, guid: 94fc540c9af8391468f2ee51bc1c1ee2,
        type: 3}
      propertyPath: m_SortingLayer
      value: 0
      objectReference: {fileID: 0}
    m_RemovedComponents: []
  m_SourcePrefab: {fileID: 100100000, guid: 94fc540c9af8391468f2ee51bc1c1ee2, type: 3}
--- !u!4 &2001458934 stripped
Transform:
  m_CorrespondingSourceObject: {fileID: 1731665203547173111, guid: 94fc540c9af8391468f2ee51bc1c1ee2,
    type: 3}
  m_PrefabInstance: {fileID: 2001458933}
  m_PrefabAsset: {fileID: 0}
--- !u!1001 &2127814896
PrefabInstance:
  m_ObjectHideFlags: 0
  serializedVersion: 2
  m_Modification:
    m_TransformParent: {fileID: 1648999211}
    m_Modifications:
    - target: {fileID: 1155783440892325667, guid: 6ff8ecfd4bf771f45baabce1917d5ce6,
        type: 3}
      propertyPath: m_Name
      value: Node (10)
      objectReference: {fileID: 0}
    - target: {fileID: 1155783440892325671, guid: 6ff8ecfd4bf771f45baabce1917d5ce6,
        type: 3}
      propertyPath: m_LocalPosition.x
      value: 3
      objectReference: {fileID: 0}
    - target: {fileID: 1155783440892325671, guid: 6ff8ecfd4bf771f45baabce1917d5ce6,
        type: 3}
      propertyPath: m_LocalPosition.y
      value: -1.54
      objectReference: {fileID: 0}
    - target: {fileID: 1155783440892325671, guid: 6ff8ecfd4bf771f45baabce1917d5ce6,
        type: 3}
      propertyPath: m_LocalPosition.z
      value: 0
      objectReference: {fileID: 0}
    - target: {fileID: 1155783440892325671, guid: 6ff8ecfd4bf771f45baabce1917d5ce6,
        type: 3}
      propertyPath: m_LocalRotation.x
      value: -0
      objectReference: {fileID: 0}
    - target: {fileID: 1155783440892325671, guid: 6ff8ecfd4bf771f45baabce1917d5ce6,
        type: 3}
      propertyPath: m_LocalRotation.y
      value: -0
      objectReference: {fileID: 0}
    - target: {fileID: 1155783440892325671, guid: 6ff8ecfd4bf771f45baabce1917d5ce6,
        type: 3}
      propertyPath: m_LocalRotation.z
      value: -0
      objectReference: {fileID: 0}
    - target: {fileID: 1155783440892325671, guid: 6ff8ecfd4bf771f45baabce1917d5ce6,
        type: 3}
      propertyPath: m_LocalRotation.w
      value: 1
      objectReference: {fileID: 0}
    - target: {fileID: 1155783440892325671, guid: 6ff8ecfd4bf771f45baabce1917d5ce6,
        type: 3}
      propertyPath: m_RootOrder
      value: 10
      objectReference: {fileID: 0}
    - target: {fileID: 1155783440892325671, guid: 6ff8ecfd4bf771f45baabce1917d5ce6,
        type: 3}
      propertyPath: m_LocalEulerAnglesHint.x
      value: 0
      objectReference: {fileID: 0}
    - target: {fileID: 1155783440892325671, guid: 6ff8ecfd4bf771f45baabce1917d5ce6,
        type: 3}
      propertyPath: m_LocalEulerAnglesHint.y
      value: 0
      objectReference: {fileID: 0}
    - target: {fileID: 1155783440892325671, guid: 6ff8ecfd4bf771f45baabce1917d5ce6,
        type: 3}
      propertyPath: m_LocalEulerAnglesHint.z
      value: 0
      objectReference: {fileID: 0}
    - target: {fileID: 1155783440892325668, guid: 6ff8ecfd4bf771f45baabce1917d5ce6,
        type: 3}
      propertyPath: m_Color.r
      value: 0
      objectReference: {fileID: 0}
    - target: {fileID: 1155783440892325668, guid: 6ff8ecfd4bf771f45baabce1917d5ce6,
        type: 3}
      propertyPath: m_Color.g
      value: 0
      objectReference: {fileID: 0}
    - target: {fileID: 1155783440892325668, guid: 6ff8ecfd4bf771f45baabce1917d5ce6,
        type: 3}
      propertyPath: m_Color.b
      value: 0
      objectReference: {fileID: 0}
    - target: {fileID: 1155783440892325669, guid: 6ff8ecfd4bf771f45baabce1917d5ce6,
        type: 3}
      propertyPath: reverse
      value: 1
      objectReference: {fileID: 0}
    m_RemovedComponents: []
  m_SourcePrefab: {fileID: 100100000, guid: 6ff8ecfd4bf771f45baabce1917d5ce6, type: 3}
--- !u!1001 &1455048778642202233
PrefabInstance:
  m_ObjectHideFlags: 0
  serializedVersion: 2
  m_Modification:
    m_TransformParent: {fileID: 0}
    m_Modifications:
    - target: {fileID: 1455048779062901674, guid: de2c44f913ebd5845b48b1b6c9bf1afd,
        type: 3}
      propertyPath: m_Name
      value: Fade Manager
      objectReference: {fileID: 0}
    - target: {fileID: 1455048779062901676, guid: de2c44f913ebd5845b48b1b6c9bf1afd,
        type: 3}
      propertyPath: m_LocalPosition.x
      value: 0.87695694
      objectReference: {fileID: 0}
    - target: {fileID: 1455048779062901676, guid: de2c44f913ebd5845b48b1b6c9bf1afd,
        type: 3}
      propertyPath: m_LocalPosition.y
      value: 0.24778783
      objectReference: {fileID: 0}
    - target: {fileID: 1455048779062901676, guid: de2c44f913ebd5845b48b1b6c9bf1afd,
        type: 3}
      propertyPath: m_LocalPosition.z
      value: -0.022195011
      objectReference: {fileID: 0}
    - target: {fileID: 1455048779062901676, guid: de2c44f913ebd5845b48b1b6c9bf1afd,
        type: 3}
      propertyPath: m_LocalRotation.x
      value: 0
      objectReference: {fileID: 0}
    - target: {fileID: 1455048779062901676, guid: de2c44f913ebd5845b48b1b6c9bf1afd,
        type: 3}
      propertyPath: m_LocalRotation.y
      value: 0
      objectReference: {fileID: 0}
    - target: {fileID: 1455048779062901676, guid: de2c44f913ebd5845b48b1b6c9bf1afd,
        type: 3}
      propertyPath: m_LocalRotation.z
      value: 0
      objectReference: {fileID: 0}
    - target: {fileID: 1455048779062901676, guid: de2c44f913ebd5845b48b1b6c9bf1afd,
        type: 3}
      propertyPath: m_LocalRotation.w
      value: 1
      objectReference: {fileID: 0}
    - target: {fileID: 1455048779062901676, guid: de2c44f913ebd5845b48b1b6c9bf1afd,
        type: 3}
      propertyPath: m_RootOrder
      value: 1
      objectReference: {fileID: 0}
    - target: {fileID: 1455048779062901676, guid: de2c44f913ebd5845b48b1b6c9bf1afd,
        type: 3}
      propertyPath: m_LocalEulerAnglesHint.x
      value: 0
      objectReference: {fileID: 0}
    - target: {fileID: 1455048779062901676, guid: de2c44f913ebd5845b48b1b6c9bf1afd,
        type: 3}
      propertyPath: m_LocalEulerAnglesHint.y
      value: 0
      objectReference: {fileID: 0}
    - target: {fileID: 1455048779062901676, guid: de2c44f913ebd5845b48b1b6c9bf1afd,
        type: 3}
      propertyPath: m_LocalEulerAnglesHint.z
      value: 0
      objectReference: {fileID: 0}
    - target: {fileID: 1455048779062901677, guid: de2c44f913ebd5845b48b1b6c9bf1afd,
        type: 3}
      propertyPath: _fadeGraphic
      value: 
      objectReference: {fileID: 1073343367}
    m_RemovedComponents: []
  m_SourcePrefab: {fileID: 100100000, guid: de2c44f913ebd5845b48b1b6c9bf1afd, type: 3}
--- !u!1001 &1499726072674230921
PrefabInstance:
  m_ObjectHideFlags: 0
  serializedVersion: 2
  m_Modification:
    m_TransformParent: {fileID: 0}
    m_Modifications:
    - target: {fileID: 5552339822293759506, guid: 2c28d4f0d588fe04ea71a7ea6e91fb2e,
        type: 3}
      propertyPath: m_Name
      value: Connections
      objectReference: {fileID: 0}
    - target: {fileID: 2516797041589678996, guid: 2c28d4f0d588fe04ea71a7ea6e91fb2e,
        type: 3}
      propertyPath: m_LocalPosition.x
      value: -0.5302429
      objectReference: {fileID: 0}
    - target: {fileID: 2516797041589678996, guid: 2c28d4f0d588fe04ea71a7ea6e91fb2e,
        type: 3}
      propertyPath: m_LocalPosition.y
      value: -0.11230469
      objectReference: {fileID: 0}
    - target: {fileID: 2516797041589678996, guid: 2c28d4f0d588fe04ea71a7ea6e91fb2e,
        type: 3}
      propertyPath: m_LocalPosition.z
      value: 0.011500582
      objectReference: {fileID: 0}
    - target: {fileID: 2516797041589678996, guid: 2c28d4f0d588fe04ea71a7ea6e91fb2e,
        type: 3}
      propertyPath: m_LocalRotation.x
      value: -0
      objectReference: {fileID: 0}
    - target: {fileID: 2516797041589678996, guid: 2c28d4f0d588fe04ea71a7ea6e91fb2e,
        type: 3}
      propertyPath: m_LocalRotation.y
      value: -0
      objectReference: {fileID: 0}
    - target: {fileID: 2516797041589678996, guid: 2c28d4f0d588fe04ea71a7ea6e91fb2e,
        type: 3}
      propertyPath: m_LocalRotation.z
      value: -0
      objectReference: {fileID: 0}
    - target: {fileID: 2516797041589678996, guid: 2c28d4f0d588fe04ea71a7ea6e91fb2e,
        type: 3}
      propertyPath: m_LocalRotation.w
      value: 1
      objectReference: {fileID: 0}
    - target: {fileID: 2516797041589678996, guid: 2c28d4f0d588fe04ea71a7ea6e91fb2e,
        type: 3}
      propertyPath: m_RootOrder
      value: 3
      objectReference: {fileID: 0}
    - target: {fileID: 2516797041589678996, guid: 2c28d4f0d588fe04ea71a7ea6e91fb2e,
        type: 3}
      propertyPath: m_LocalEulerAnglesHint.x
      value: 0
      objectReference: {fileID: 0}
    - target: {fileID: 2516797041589678996, guid: 2c28d4f0d588fe04ea71a7ea6e91fb2e,
        type: 3}
      propertyPath: m_LocalEulerAnglesHint.y
      value: 0
      objectReference: {fileID: 0}
    - target: {fileID: 2516797041589678996, guid: 2c28d4f0d588fe04ea71a7ea6e91fb2e,
        type: 3}
      propertyPath: m_LocalEulerAnglesHint.z
      value: 0
      objectReference: {fileID: 0}
    m_RemovedComponents: []
  m_SourcePrefab: {fileID: 100100000, guid: 2c28d4f0d588fe04ea71a7ea6e91fb2e, type: 3}
--- !u!1001 &1885072828946540632
PrefabInstance:
  m_ObjectHideFlags: 0
  serializedVersion: 2
  m_Modification:
    m_TransformParent: {fileID: 0}
    m_Modifications:
    - target: {fileID: 1885072829623755850, guid: c2cd9b9a2be805044b7d832a1a5d0c21,
        type: 3}
      propertyPath: m_Name
      value: Canvas Node Values
      objectReference: {fileID: 0}
    - target: {fileID: 1885072829623755854, guid: c2cd9b9a2be805044b7d832a1a5d0c21,
        type: 3}
      propertyPath: m_LocalPosition.x
      value: 0
      objectReference: {fileID: 0}
    - target: {fileID: 1885072829623755854, guid: c2cd9b9a2be805044b7d832a1a5d0c21,
        type: 3}
      propertyPath: m_LocalPosition.y
      value: 0
      objectReference: {fileID: 0}
    - target: {fileID: 1885072829623755854, guid: c2cd9b9a2be805044b7d832a1a5d0c21,
        type: 3}
      propertyPath: m_LocalPosition.z
      value: 0
      objectReference: {fileID: 0}
    - target: {fileID: 1885072829623755854, guid: c2cd9b9a2be805044b7d832a1a5d0c21,
        type: 3}
      propertyPath: m_LocalRotation.x
      value: 0
      objectReference: {fileID: 0}
    - target: {fileID: 1885072829623755854, guid: c2cd9b9a2be805044b7d832a1a5d0c21,
        type: 3}
      propertyPath: m_LocalRotation.y
      value: 0
      objectReference: {fileID: 0}
    - target: {fileID: 1885072829623755854, guid: c2cd9b9a2be805044b7d832a1a5d0c21,
        type: 3}
      propertyPath: m_LocalRotation.z
      value: 0
      objectReference: {fileID: 0}
    - target: {fileID: 1885072829623755854, guid: c2cd9b9a2be805044b7d832a1a5d0c21,
        type: 3}
      propertyPath: m_LocalRotation.w
      value: 1
      objectReference: {fileID: 0}
    - target: {fileID: 1885072829623755854, guid: c2cd9b9a2be805044b7d832a1a5d0c21,
        type: 3}
      propertyPath: m_RootOrder
      value: 6
      objectReference: {fileID: 0}
    - target: {fileID: 1885072829623755854, guid: c2cd9b9a2be805044b7d832a1a5d0c21,
        type: 3}
      propertyPath: m_LocalEulerAnglesHint.x
      value: 0
      objectReference: {fileID: 0}
    - target: {fileID: 1885072829623755854, guid: c2cd9b9a2be805044b7d832a1a5d0c21,
        type: 3}
      propertyPath: m_LocalEulerAnglesHint.y
      value: 0
      objectReference: {fileID: 0}
    - target: {fileID: 1885072829623755854, guid: c2cd9b9a2be805044b7d832a1a5d0c21,
        type: 3}
      propertyPath: m_LocalEulerAnglesHint.z
      value: 0
      objectReference: {fileID: 0}
    - target: {fileID: 1885072829623755854, guid: c2cd9b9a2be805044b7d832a1a5d0c21,
        type: 3}
      propertyPath: m_AnchoredPosition.x
      value: 0
      objectReference: {fileID: 0}
    - target: {fileID: 1885072829623755854, guid: c2cd9b9a2be805044b7d832a1a5d0c21,
        type: 3}
      propertyPath: m_AnchoredPosition.y
      value: 0
      objectReference: {fileID: 0}
    - target: {fileID: 1885072829623755854, guid: c2cd9b9a2be805044b7d832a1a5d0c21,
        type: 3}
      propertyPath: m_SizeDelta.x
      value: 0
      objectReference: {fileID: 0}
    - target: {fileID: 1885072829623755854, guid: c2cd9b9a2be805044b7d832a1a5d0c21,
        type: 3}
      propertyPath: m_SizeDelta.y
      value: 0
      objectReference: {fileID: 0}
    - target: {fileID: 1885072829623755854, guid: c2cd9b9a2be805044b7d832a1a5d0c21,
        type: 3}
      propertyPath: m_AnchorMin.x
      value: 0
      objectReference: {fileID: 0}
    - target: {fileID: 1885072829623755854, guid: c2cd9b9a2be805044b7d832a1a5d0c21,
        type: 3}
      propertyPath: m_AnchorMin.y
      value: 0
      objectReference: {fileID: 0}
    - target: {fileID: 1885072829623755854, guid: c2cd9b9a2be805044b7d832a1a5d0c21,
        type: 3}
      propertyPath: m_AnchorMax.x
      value: 0
      objectReference: {fileID: 0}
    - target: {fileID: 1885072829623755854, guid: c2cd9b9a2be805044b7d832a1a5d0c21,
        type: 3}
      propertyPath: m_AnchorMax.y
      value: 0
      objectReference: {fileID: 0}
    - target: {fileID: 1885072829623755854, guid: c2cd9b9a2be805044b7d832a1a5d0c21,
        type: 3}
      propertyPath: m_Pivot.x
      value: 0
      objectReference: {fileID: 0}
    - target: {fileID: 1885072829623755854, guid: c2cd9b9a2be805044b7d832a1a5d0c21,
        type: 3}
      propertyPath: m_Pivot.y
      value: 0
      objectReference: {fileID: 0}
    - target: {fileID: 1885072829623755853, guid: c2cd9b9a2be805044b7d832a1a5d0c21,
        type: 3}
      propertyPath: m_Camera
      value: 
      objectReference: {fileID: 519420031}
    - target: {fileID: 1885072829623755853, guid: c2cd9b9a2be805044b7d832a1a5d0c21,
        type: 3}
      propertyPath: m_RenderMode
      value: 0
      objectReference: {fileID: 0}
    m_RemovedComponents: []
  m_SourcePrefab: {fileID: 100100000, guid: c2cd9b9a2be805044b7d832a1a5d0c21, type: 3}
--- !u!1001 &2264115579299787262
PrefabInstance:
  m_ObjectHideFlags: 0
  serializedVersion: 2
  m_Modification:
    m_TransformParent: {fileID: 0}
    m_Modifications:
    - target: {fileID: 2264115580093780653, guid: be41b04053ce1e548905bc84b72c7bad,
        type: 3}
      propertyPath: m_Name
      value: Game Manager
      objectReference: {fileID: 0}
    - target: {fileID: 2264115580093780651, guid: be41b04053ce1e548905bc84b72c7bad,
        type: 3}
      propertyPath: m_LocalPosition.x
      value: -0.53024477
      objectReference: {fileID: 0}
    - target: {fileID: 2264115580093780651, guid: be41b04053ce1e548905bc84b72c7bad,
        type: 3}
      propertyPath: m_LocalPosition.y
      value: -0.11231768
      objectReference: {fileID: 0}
    - target: {fileID: 2264115580093780651, guid: be41b04053ce1e548905bc84b72c7bad,
        type: 3}
      propertyPath: m_LocalPosition.z
      value: 0.011500582
      objectReference: {fileID: 0}
    - target: {fileID: 2264115580093780651, guid: be41b04053ce1e548905bc84b72c7bad,
        type: 3}
      propertyPath: m_LocalRotation.x
      value: 0
      objectReference: {fileID: 0}
    - target: {fileID: 2264115580093780651, guid: be41b04053ce1e548905bc84b72c7bad,
        type: 3}
      propertyPath: m_LocalRotation.y
      value: 0
      objectReference: {fileID: 0}
    - target: {fileID: 2264115580093780651, guid: be41b04053ce1e548905bc84b72c7bad,
        type: 3}
      propertyPath: m_LocalRotation.z
      value: 0
      objectReference: {fileID: 0}
    - target: {fileID: 2264115580093780651, guid: be41b04053ce1e548905bc84b72c7bad,
        type: 3}
      propertyPath: m_LocalRotation.w
      value: 1
      objectReference: {fileID: 0}
    - target: {fileID: 2264115580093780651, guid: be41b04053ce1e548905bc84b72c7bad,
        type: 3}
      propertyPath: m_RootOrder
      value: 2
      objectReference: {fileID: 0}
    - target: {fileID: 2264115580093780651, guid: be41b04053ce1e548905bc84b72c7bad,
        type: 3}
      propertyPath: m_LocalEulerAnglesHint.x
      value: 0
      objectReference: {fileID: 0}
    - target: {fileID: 2264115580093780651, guid: be41b04053ce1e548905bc84b72c7bad,
        type: 3}
      propertyPath: m_LocalEulerAnglesHint.y
      value: 0
      objectReference: {fileID: 0}
    - target: {fileID: 2264115580093780651, guid: be41b04053ce1e548905bc84b72c7bad,
        type: 3}
      propertyPath: m_LocalEulerAnglesHint.z
      value: 0
      objectReference: {fileID: 0}
    - target: {fileID: 2264115580093780650, guid: be41b04053ce1e548905bc84b72c7bad,
        type: 3}
      propertyPath: valueCanvas
      value: 
      objectReference: {fileID: 1483705366}
    - target: {fileID: 2264115580093780650, guid: be41b04053ce1e548905bc84b72c7bad,
        type: 3}
      propertyPath: obstacleParent
      value: 
      objectReference: {fileID: 1752525868}
    m_RemovedComponents: []
  m_SourcePrefab: {fileID: 100100000, guid: be41b04053ce1e548905bc84b72c7bad, type: 3}
--- !u!1001 &5386601186783787940
PrefabInstance:
  m_ObjectHideFlags: 0
  serializedVersion: 2
  m_Modification:
    m_TransformParent: {fileID: 0}
    m_Modifications:
    - target: {fileID: 5386601185481777230, guid: cc777ac5a267e34469c6eabf82c12cbe,
        type: 3}
      propertyPath: m_Name
      value: Canvas HUD
      objectReference: {fileID: 0}
    - target: {fileID: 5386601185481777226, guid: cc777ac5a267e34469c6eabf82c12cbe,
        type: 3}
      propertyPath: m_LocalPosition.x
      value: 0
      objectReference: {fileID: 0}
    - target: {fileID: 5386601185481777226, guid: cc777ac5a267e34469c6eabf82c12cbe,
        type: 3}
      propertyPath: m_LocalPosition.y
      value: 0
      objectReference: {fileID: 0}
    - target: {fileID: 5386601185481777226, guid: cc777ac5a267e34469c6eabf82c12cbe,
        type: 3}
      propertyPath: m_LocalPosition.z
      value: 0
      objectReference: {fileID: 0}
    - target: {fileID: 5386601185481777226, guid: cc777ac5a267e34469c6eabf82c12cbe,
        type: 3}
      propertyPath: m_LocalRotation.x
      value: 0
      objectReference: {fileID: 0}
    - target: {fileID: 5386601185481777226, guid: cc777ac5a267e34469c6eabf82c12cbe,
        type: 3}
      propertyPath: m_LocalRotation.y
      value: 0
      objectReference: {fileID: 0}
    - target: {fileID: 5386601185481777226, guid: cc777ac5a267e34469c6eabf82c12cbe,
        type: 3}
      propertyPath: m_LocalRotation.z
      value: 0
      objectReference: {fileID: 0}
    - target: {fileID: 5386601185481777226, guid: cc777ac5a267e34469c6eabf82c12cbe,
        type: 3}
      propertyPath: m_LocalRotation.w
      value: 1
      objectReference: {fileID: 0}
    - target: {fileID: 5386601185481777226, guid: cc777ac5a267e34469c6eabf82c12cbe,
        type: 3}
      propertyPath: m_RootOrder
      value: 7
      objectReference: {fileID: 0}
    - target: {fileID: 5386601185481777226, guid: cc777ac5a267e34469c6eabf82c12cbe,
        type: 3}
      propertyPath: m_LocalEulerAnglesHint.x
      value: 0
      objectReference: {fileID: 0}
    - target: {fileID: 5386601185481777226, guid: cc777ac5a267e34469c6eabf82c12cbe,
        type: 3}
      propertyPath: m_LocalEulerAnglesHint.y
      value: 0
      objectReference: {fileID: 0}
    - target: {fileID: 5386601185481777226, guid: cc777ac5a267e34469c6eabf82c12cbe,
        type: 3}
      propertyPath: m_LocalEulerAnglesHint.z
      value: 0
      objectReference: {fileID: 0}
    - target: {fileID: 5386601185481777226, guid: cc777ac5a267e34469c6eabf82c12cbe,
        type: 3}
      propertyPath: m_AnchoredPosition.x
      value: 0
      objectReference: {fileID: 0}
    - target: {fileID: 5386601185481777226, guid: cc777ac5a267e34469c6eabf82c12cbe,
        type: 3}
      propertyPath: m_AnchoredPosition.y
      value: 0
      objectReference: {fileID: 0}
    - target: {fileID: 5386601185481777226, guid: cc777ac5a267e34469c6eabf82c12cbe,
        type: 3}
      propertyPath: m_SizeDelta.x
      value: 0
      objectReference: {fileID: 0}
    - target: {fileID: 5386601185481777226, guid: cc777ac5a267e34469c6eabf82c12cbe,
        type: 3}
      propertyPath: m_SizeDelta.y
      value: 0
      objectReference: {fileID: 0}
    - target: {fileID: 5386601185481777226, guid: cc777ac5a267e34469c6eabf82c12cbe,
        type: 3}
      propertyPath: m_AnchorMin.x
      value: 0
      objectReference: {fileID: 0}
    - target: {fileID: 5386601185481777226, guid: cc777ac5a267e34469c6eabf82c12cbe,
        type: 3}
      propertyPath: m_AnchorMin.y
      value: 0
      objectReference: {fileID: 0}
    - target: {fileID: 5386601185481777226, guid: cc777ac5a267e34469c6eabf82c12cbe,
        type: 3}
      propertyPath: m_AnchorMax.x
      value: 0
      objectReference: {fileID: 0}
    - target: {fileID: 5386601185481777226, guid: cc777ac5a267e34469c6eabf82c12cbe,
        type: 3}
      propertyPath: m_AnchorMax.y
      value: 0
      objectReference: {fileID: 0}
    - target: {fileID: 5386601185481777226, guid: cc777ac5a267e34469c6eabf82c12cbe,
        type: 3}
      propertyPath: m_Pivot.x
      value: 0
      objectReference: {fileID: 0}
    - target: {fileID: 5386601185481777226, guid: cc777ac5a267e34469c6eabf82c12cbe,
        type: 3}
      propertyPath: m_Pivot.y
      value: 0
      objectReference: {fileID: 0}
    m_RemovedComponents: []
  m_SourcePrefab: {fileID: 100100000, guid: cc777ac5a267e34469c6eabf82c12cbe, type: 3}
--- !u!1001 &5895041693744516430
PrefabInstance:
  m_ObjectHideFlags: 0
  serializedVersion: 2
  m_Modification:
    m_TransformParent: {fileID: 0}
    m_Modifications:
    - target: {fileID: 5895041692096788068, guid: 9da2447adbd3864469b167952b7141fc,
        type: 3}
      propertyPath: m_Name
      value: Nodes
      objectReference: {fileID: 0}
    - target: {fileID: 5895041692096788069, guid: 9da2447adbd3864469b167952b7141fc,
        type: 3}
      propertyPath: m_LocalPosition.x
      value: 0
      objectReference: {fileID: 0}
    - target: {fileID: 5895041692096788069, guid: 9da2447adbd3864469b167952b7141fc,
        type: 3}
      propertyPath: m_LocalPosition.y
      value: 0
      objectReference: {fileID: 0}
    - target: {fileID: 5895041692096788069, guid: 9da2447adbd3864469b167952b7141fc,
        type: 3}
      propertyPath: m_LocalPosition.z
      value: 0
      objectReference: {fileID: 0}
    - target: {fileID: 5895041692096788069, guid: 9da2447adbd3864469b167952b7141fc,
        type: 3}
      propertyPath: m_LocalRotation.x
      value: -0
      objectReference: {fileID: 0}
    - target: {fileID: 5895041692096788069, guid: 9da2447adbd3864469b167952b7141fc,
        type: 3}
      propertyPath: m_LocalRotation.y
      value: -0
      objectReference: {fileID: 0}
    - target: {fileID: 5895041692096788069, guid: 9da2447adbd3864469b167952b7141fc,
        type: 3}
      propertyPath: m_LocalRotation.z
      value: -0
      objectReference: {fileID: 0}
    - target: {fileID: 5895041692096788069, guid: 9da2447adbd3864469b167952b7141fc,
        type: 3}
      propertyPath: m_LocalRotation.w
      value: 1
      objectReference: {fileID: 0}
    - target: {fileID: 5895041692096788069, guid: 9da2447adbd3864469b167952b7141fc,
        type: 3}
      propertyPath: m_RootOrder
      value: 4
      objectReference: {fileID: 0}
    - target: {fileID: 5895041692096788069, guid: 9da2447adbd3864469b167952b7141fc,
        type: 3}
      propertyPath: m_LocalEulerAnglesHint.x
      value: 0
      objectReference: {fileID: 0}
    - target: {fileID: 5895041692096788069, guid: 9da2447adbd3864469b167952b7141fc,
        type: 3}
      propertyPath: m_LocalEulerAnglesHint.y
      value: 0
      objectReference: {fileID: 0}
    - target: {fileID: 5895041692096788069, guid: 9da2447adbd3864469b167952b7141fc,
        type: 3}
      propertyPath: m_LocalEulerAnglesHint.z
      value: 0
      objectReference: {fileID: 0}
    m_RemovedComponents: []
  m_SourcePrefab: {fileID: 100100000, guid: 9da2447adbd3864469b167952b7141fc, type: 3}
--- !u!1001 &6632641260391041741
PrefabInstance:
  m_ObjectHideFlags: 0
  serializedVersion: 2
  m_Modification:
    m_TransformParent: {fileID: 0}
    m_Modifications:
    - target: {fileID: 6632641261176780848, guid: 7d14e6ed6aecee748bf61aed572e96e1,
        type: 3}
      propertyPath: m_Name
      value: Music
      objectReference: {fileID: 0}
    - target: {fileID: 6632641261176781260, guid: 7d14e6ed6aecee748bf61aed572e96e1,
        type: 3}
      propertyPath: m_LocalPosition.x
      value: 508.1026
      objectReference: {fileID: 0}
    - target: {fileID: 6632641261176781260, guid: 7d14e6ed6aecee748bf61aed572e96e1,
        type: 3}
      propertyPath: m_LocalPosition.y
      value: 277.1908
      objectReference: {fileID: 0}
    - target: {fileID: 6632641261176781260, guid: 7d14e6ed6aecee748bf61aed572e96e1,
        type: 3}
      propertyPath: m_LocalPosition.z
      value: -5.43451
      objectReference: {fileID: 0}
    - target: {fileID: 6632641261176781260, guid: 7d14e6ed6aecee748bf61aed572e96e1,
        type: 3}
      propertyPath: m_LocalRotation.x
      value: 0
      objectReference: {fileID: 0}
    - target: {fileID: 6632641261176781260, guid: 7d14e6ed6aecee748bf61aed572e96e1,
        type: 3}
      propertyPath: m_LocalRotation.y
      value: 0
      objectReference: {fileID: 0}
    - target: {fileID: 6632641261176781260, guid: 7d14e6ed6aecee748bf61aed572e96e1,
        type: 3}
      propertyPath: m_LocalRotation.z
      value: 0
      objectReference: {fileID: 0}
    - target: {fileID: 6632641261176781260, guid: 7d14e6ed6aecee748bf61aed572e96e1,
        type: 3}
      propertyPath: m_LocalRotation.w
      value: 1
      objectReference: {fileID: 0}
    - target: {fileID: 6632641261176781260, guid: 7d14e6ed6aecee748bf61aed572e96e1,
        type: 3}
      propertyPath: m_RootOrder
      value: 9
      objectReference: {fileID: 0}
    - target: {fileID: 6632641261176781260, guid: 7d14e6ed6aecee748bf61aed572e96e1,
        type: 3}
      propertyPath: m_LocalEulerAnglesHint.x
      value: 0
      objectReference: {fileID: 0}
    - target: {fileID: 6632641261176781260, guid: 7d14e6ed6aecee748bf61aed572e96e1,
        type: 3}
      propertyPath: m_LocalEulerAnglesHint.y
      value: 0
      objectReference: {fileID: 0}
    - target: {fileID: 6632641261176781260, guid: 7d14e6ed6aecee748bf61aed572e96e1,
        type: 3}
      propertyPath: m_LocalEulerAnglesHint.z
      value: 0
      objectReference: {fileID: 0}
    m_RemovedComponents: []
  m_SourcePrefab: {fileID: 100100000, guid: 7d14e6ed6aecee748bf61aed572e96e1, type: 3}
